2514 4504
456 388 579 449 382
1214 403 1453 446 Anmrrm
1499 403 1586 443 111.

448 558 573 620 sint,
600 561 655 607 et
679 558 747 608 ab
773 557 957 607 eadem
998 554 1234 605 Ecclesia
1273 554 1421 604 nullo
1466 570 1702 620 unquam
1745 558 1979 621 tempore
2016 557 2245 605 amoveri
2268 554 2354 606 vel

448 643 553 710 ipsi
596 643 831 693 recedere
874 645 1158 708 nequeant,
1202 640 1307 690 nisi
1357 640 1510 690 aliter
1560 639 1635 689 eis
1687 639 1956 706 provisum
1999 639 2188 700 fuerit3
2249 656 2354 707 quo

448 729 612 778 titulo
638 732 702 778 ut
728 727 835 778 suis
875 725 1088 777 Clericis
1126 742 1293 776 sacros
1331 726 1537 776 ordines
1577 725 1851 787 conferret,
1889 742 1928 775 s.
1953 742 2026 777 111.
2054 724 2265 777 Sixtum
2287 724 2353 777 V.

447 813 782 864 Patriarchae
808 812 1153 862 Venetiarum
1179 811 1462 862 indulsisse
1488 813 1697 861 constat
1719 810 1754 860 1.

590 923 687 973 VI.
738 922 977 989 Denique
993 921 1187 972 titulus
1198 920 1264 971 Μ
1260 918 1512 983 issiomls,
1522 921 1587 971 de
1596 937 1700 988 quo
1708 920 2046 988 potissimum
2055 919 2174 971 heic
2190 937 2356 974 sermo

447 1012 544 1071 est,
559 1007 940 1076 praetermissis
959 1006 1137 1057 titulis
1154 994 1530 1075 Sufficientiac
1549 1009 1598 1057 et
1616 1003 1848 1073 Colleyii
1867 1005 2022 1075 (quos
2036 1010 2225 1074 utpote
2242 1023 2356 1058 raro

449 1097 776 1145 occurrentes
801 1096 1017 1142 tantum
1042 1108 1473 1143 commemorasse
1511 1095 1593 1142 sat
1629 1089 1775 1161 erit),
1802 1090 2043 1143 adhiberi
2067 1093 2354 1157 consuevit,

447 1197 570 1230 cum
595 1179 731 1229 alius
755 1178 1033 1246 legitimus
1057 1177 1252 1228 titulus
1275 1176 1421 1228 haud
1446 1178 1706 1245 suppetit,
1724 1195 1818 1245 pro
1843 1177 1928 1240 iis,
1953 1177 2046 1244 qui
2070 1177 2355 1246 majoribus

448 1265 717 1315 ordinibus
742 1263 949 1314 initiari
974 1264 1201 1330 cupiunt
1237 1266 1302 1313 ut
1337 1263 1760 1330 Apostolicarum
1797 1262 2118 1314 Missionum
2143 1263 2355 1316 servitio

449 1366 556 1400 sese
583 1349 891 1399 devoveant.
966 1348 1032 1398 Id
1065 1352 1249 1398 autem
1286 1364 1440 1416 saepe
1476 1349 1744 1416 contingit
1778 1349 1837 1398 in
1872 1347 2002 1399 locis
2025 1347 2355 1413 missionum,

448 1436 506 1485 ia
530 1435 724 1502 quibus
747 1450 808 1484 ea
832 1437 912 1484 est
935 1451 1111 1484 rerum
1136 1434 1391 1498 conditio,
1416 1438 1478 1485 ut
1512 1451 1792 1485 commune
1817 1434 2087 1486 Ecclesiae
2101 1434 2193 1503 jus
2217 1434 2354 1486 eirea

450 1538 527 1585 ea,
553 1538 688 1588 quae
712 1521 780 1571 ad
803 1521 1244 1588 praerequisitum
1268 1538 1362 1589 pro
1398 1538 1539 1572 sacra
1577 1521 1924 1573 Ordinatione
1960 1521 2187 1572 titulum
2210 1538 2356 1590 spec-

449 1610 587 1670 tant,
625 1606 815 1657 servari
852 1607 1175 1657 adamussim
1211 1612 1457 1674 nequeat.
1550 1606 1653 1668 Qui
1690 1623 1810 1657 vero
1847 1606 2154 1674 hujusmodi
2190 1605 2352 1657 titulo

449 1692 679 1743 ordinati
699 1695 843 1755 sunt,
861 1692 903 1742 ii
922 1708 985 1742 ex
1010 1692 1315 1760 Apostolico
1339 1692 1637 1743 ministerio
1661 1692 1720 1742 in
1739 1691 2010 1755 Missione,
2029 1691 2119 1742 cui
2139 1691 2354 1742 fuerunt
2391 1708 2394 1710 ’

448 1778 668 1840 addicti,
693 1777 761 1827 ad
786 1778 991 1828 victum
1015 1778 1303 1829 necessaria
1337 1782 1743 1845 consequuntur.

591 1894 718 1944 VII.
769 1892 873 1945 Sed
887 1893 1219 1962 exploratum
1235 1898 1332 1957 est,
1349 1893 1650 1947 Ordinarios
1673 1892 1888 1946 Clericis
1903 1893 2067 1946 titulo
2084 1893 2354 1945 Missionis

446 1995 554 2031 non
602 1996 749 2046 posse
799 1978 892 2030 SS.
935 1978 1343 2030 Ordinationum
1385 1996 1605 2031 munera
1654 1980 1935 2048 impertiri,
1985 1980 2092 2030 nisi
2141 1979 2355 2047 speciali

449 2063 504 2115 S,
522 2063 672 2115 Sedis
687 2064 899 2115 indulto
913 2066 1114 2115 muniti
1129 2065 1236 2115 sint
1254 2082 1268 2125 3
1306 2066 1488 2133 agitur
1506 2065 1652 2116 enim
1671 2066 1737 2116 de
1757 2065 1921 2116 titulo
1940 2065 2351 2117 extraordinario

449 2150 542 2217 qui
561 2155 767 2217 praeter
776 2149 866 2217 jus
886 2167 1167 2201 commune
1185 2149 1458 2201 adhibitus
1477 2151 1600 2202 fuit.
1676 2149 1827 2211 Quod
1846 2150 2063 2218 quidem
2081 2149 2354 2200 indultum

450 2235 813 2303 Superioribus
850 2235 1169 2286 Missionum
1208 2240 1304 2286 aut
1344 2234 1698 2306 Collegiorum
1735 2253 1827 2287 seu
1873 2234 2354 2306 Congregationum
2387 2277 2390 2279 Α

449 2338 584 2389 quae
608 2320 948 2371 missionibus
972 2322 1288 2384 inserviunt,
1312 2322 1397 2373 vel
1429 2323 1498 2373 ad
1523 2326 1727 2372 certum
1753 2325 1981 2389 tempus,
2006 2320 2091 2371 vel
2116 2321 2183 2371 ad
2206 2336 2356 2388 prae-

448 2407 616 2458 fixum
665 2422 883 2456 casuum
933 2423 1214 2457 numerum
1263 2407 1480 2457 concedi
1529 2407 1678 2458 solet.
1777 2406 2124 2457 Meminerint
2171 2408 2354 2456 autem

450 2490 750 2558 Superiores
800 2507 861 2541 eo
915 2507 1070 2558 parce
1117 2491 1378 2542 utendum
1429 2491 1530 2542 sibi
1578 2508 1687 2541 esse
1705 2510 1731 2556 τέ
1780 2507 1948 2558 116(1116
1999 2490 2142 2540 6111111
2190 2489 2354 2540 titulo

450 2576 720 2627 Missionis
746 2592 926 2626 omnes
950 2576 1146 2643 absque
1171 2576 1379 2627 delectu
1405 2576 1560 2627 sacris
1596 2579 1752 2626 erunt
1789 2575 2073 2627 Ordinibus
2098 2573 2353 2624 initiandi

453 2661 658 2724 Clerici,
708 2662 802 2729 qui
851 2662 919 2711 ad
967 2661 1287 2712 Missionum
1348 2661 1667 2711 curriculum
1722 2661 2015 2711 ineundum
2063 2662 2354 2726 utcumque

454 2746 699 2814 dispositi
735 2746 1032 2796 videantur.
1127 2745 1185 2798 Si
1221 2746 1365 2796 enim
1395 2746 1555 2813 juxta
1593 2763 1632 2796 s,
1671 2745 1828 2796 Pauli
1863 2745 2130 2796 monitum
2166 2760 2354 2794 manus

450 2832 653 2882 nemini
679 2831 787 2881 cito
811 2831 1180 2897 imponendae,
1205 2831 1263 2881 id
1287 2831 1629 2898 potissimum
1653 2829 1813 2892 valet,
1838 2846 1962 2879 cum
1988 2845 2159 2879 sermo
2185 2833 2264 2879 est
2289 2829 2353 2879 de

450 2919 518 2968 iis
543 2918 636 2984 qui
660 2918 718 2966 in
743 2917 967 2966 arduum
992 2916 1269 2983 apostolici
1293 2916 1577 2966 ministerii
1601 2932 1731 2983 opus
1755 2917 2111 2965 assumuntur.
2185 2913 2354 2975 Quare

451 3003 539 3052 hic
576 3001 769 3051 titulus
809 3001 1138 3051 adhibendus
1181 3001 1284 3051 erit
1319 3002 1379 3051 in
1422 3017 1602 3051 eorum
1646 3000 1927 3050 dumtaxat
1970 2999 2220 3062 favorem,
2259 3000 2353 3067 qui

453 3087 620 3138 animi
659 3086 837 3135 indole
876 3090 932 3136 et
975 3086 1267 3149 docilitate,
1309 3085 1626 3136 intentionis
1668 3085 2007 3146 rectitudine,
2050 3085 2354 3151 aptitudine

451 3171 675 3241 ingenii,
700 3171 941 3238 profectu
977 3171 1035 3220 in
1073 3170 1228 3221 sacris
1269 3171 1475 3233 studiis,
1513 3187 1719 3221 morum
1743 3170 2071 3238 integritate,
2096 3187 2157 3220 ac
2180 3187 2352 3220 rerum

452 3258 841 3307 mundanarum
889 3260 1216 3322 contemptu,
1267 3273 1414 3323 spem
1462 3255 1679 3318 faciant,
1725 3272 1831 3305 sese
1876 3258 2110 3305 strenuos
2150 3255 2352 3305 fut-uros

454 3342 560 3392 fore
609 3340 890 3410 Evangelii
937 3356 1245 3406 praecones3
1309 3357 1461 3407 super
1509 3357 1613 3407 quo
1660 3339 1963 3390 eorumdem
2015 3337 2349 3405 Superiorum

454 3429 776 3479 conscientia
801 3427 1042 3477 districte
1068 3429 1327 3476 oneratur.

601 3580 618 3602 ²
637 3577 871 3632 Campanil.
893 3579 1095 3617 Diversor.
1118 3577 1207 3626 jur.
1238 3577 1408 3616 canonic.
1440 3576 1549 3616 rubr.
1582 3577 1605 3614 8
1639 3577 1732 3627 Gap.
1767 3576 1807 3614 4.
1842 3587 1883 3614 n.
1919 3574 1983 3612 14.
2017 3572 2060 3612 et
2089 3571 2258 3612 Gartias
2287 3572 2352 3612 De

453 3649 619 3702 Beneflc.
636 3651 749 3696 part.
774 3647 812 3695 2,
835 3657 919 3694 cap.
947 3646 1009 3683 16.
1033 3657 1072 3683 n.
1094 3645 1160 3682 96.
