2514 4504
1067 547 1346 592 Dsscmrm.
1540 514 1542 517 ⁵
2071 532 2150 589 25

257 704 454 756 haeresi
479 705 731 767 conversi,
755 702 839 755 vel
863 701 1170 770 parentibus
1195 699 1454 750 conversis
1478 698 1611 756 nati,
1637 705 1731 747 aut
1758 699 1920 748 etiam
1947 698 2075 748 alias
2094 698 2161 749 ob

256 808 435 841 causas
460 791 900 861 irregularitatem
927 786 1301 846 contraxerint,
1327 784 1425 834 hac
1451 783 1516 833 de
1540 800 1594 833 re
1620 782 1903 850 diligenter
1927 784 2161 850 inquirat

261 875 572 944 EpiscopuS,
588 880 650 927 ut
676 876 720 926 si
746 875 866 943 quis
892 875 1026 924 forte
1042 889 1106 924 ex
1131 868 1496 938 promovendis
1523 867 1619 918 tali
1646 868 1853 918 macula
1872 870 2162 936 reperiatur

254 967 488 1025 notatuS‚
513 968 639 1014 ante
663 962 1050 1014 ordinationem
1075 958 1143 1009 ab
1166 974 1227 1008 ea
1252 955 1519 1007 liberetur.
1595 953 2015 1022 Supplicandum
2044 973 2162 1006 vero

259 1047 469 1098 videtur
518 1065 627 1100 esse
690 1047 1034 1100 Sanctissimo
1095 1044 1325 1096 Domino
1375 1040 1585 1104 NostrO,
1635 1046 1699 1091 ut
1748 1041 1805 1091 in
1857 1040 2162 1092 Seminariis

258 1133 497 1202 pluribus
548 1134 823 1202 Episcopis
873 1131 1263 1192 communibUS,
1314 1129 1558 1180 ordinans
1608 1127 1800 1178 habeat
1849 1128 2162 1179 facultatem

255 1219 560 1271 absolvendi
602 1220 670 1271 ab
712 1218 1116 1288 irregularitate,
1163 1218 1327 1268 etiam
1370 1232 1475 1266 non
1518 1214 1773 1277 subditos,
1807 1215 1873 1264 de
1910 1232 2163 1265 consensu

257 1322 467 1356 suorum
496 1304 908 1357 Ordinariorum.
984 1304 1058 1355 Et
1082 1303 1299 1371 quidem
1325 1319 1449 1353 cum
1474 1301 1697 1352 dubium
1718 1306 1958 1352 exortum
1978 1300 2165 1352 fuisset

262 1399 438 1443 utrum
465 1391 689 1442 facultas
713 1391 1123 1442 extraordinaria
1148 1388 1426 1440 ordinandi
1464 1393 1610 1439 extra
1643 1392 1900 1455 tempora,
1931 1387 1988 1437 in
2021 1388 2165 1438 favo-

257 1495 367 1528 rem
393 1478 635 1529 omnium
660 1477 994 1528 alumnorum
1010 1475 1270 1543 ejusmodi
1297 1473 1709 1526 Seminariorum
1728 1478 1902 1540 posset
1922 1474 2164 1536 exerceri,

261 1562 315 1614 S.
354 1561 704 1633 Congregatio
741 1564 806 1614 de
844 1562 1068 1630 Propag.
1098 1561 1233 1612 Fide
1259 1561 1527 1611 decretum
1554 1559 1749 1621 emisit,
1776 1559 1862 1609 die
1888 1561 1958 1609 24
1983 1560 2166 1627 aprilis

261 1650 493 1718 proxime
520 1649 684 1717 elapsi
703 1650 910 1712 datum,
928 1666 960 1699 a
980 1647 1325 1700 Sanctissimo
1344 1646 1714 1715 approbatum,
1733 1663 1838 1713 quo
1859 1646 2166 1699 conceditur

260 1736 481 1787 facultas
509 1736 802 1804 Episcopis,
818 1735 875 1786 in
895 1751 1119 1802 quorum
1139 1733 1466 1785 dioecesibus
1490 1732 1622 1783 talia
1642 1730 1878 1800 Collegia
1898 1733 2002 1783 sita
2022 1739 2165 1796 sunt,

257 1821 534 1873 ordinandi
577 1827 723 1872 extra
766 1826 1004 1889 tempora
1061 1819 1303 1871 alumnos
1345 1820 1447 1871 sibi
1494 1836 1600 1871 non
1649 1819 1904 1882 subditos,
1952 1819 2166 1888 praevio

256 1924 509 1959 consensu
532 1908 812 1975 respectivi
838 1906 1103 1960 Ordinarii
1129 1903 1219 1976 (¹).

401 2002 450 2051 3.
502 1999 796 2052 Ordinandi
819 2017 913 2068 per
945 2000 1327 2051 examinatores
1363 1999 1430 2050 de
1466 1999 1648 2051 ordine
1687 1999 2020 2067 suscipiendo
2058 1999 2167 2051 dis-

256 2085 414 2137 tricte
457 2086 859 2137 examinentur:
899 2087 967 2137 ad
1010 2085 1240 2153 primam
1284 2090 1556 2136 tonsuram
1602 2091 1656 2136 et
1693 2087 1919 2136 minores
1958 2087 2165 2138 ordines

254 2172 612 2239 promovendi,
650 2172 717 2223 de
753 2172 1088 2232 litteratura3
1132 2172 1199 2222 ad
1238 2172 1693 2235 subdiaconatum,
1737 2173 1794 2222 in
1834 2189 1938 2223 uno
1976 2172 2166 2223 saltem

254 2260 488 2307 tractatu
532 2255 585 2308 S.
630 2256 965 2326 theologiae3
1003 2256 1071 2307 ad
1105 2256 1447 2307 diaconatum
1490 2256 1547 2306 in
1586 2255 1824 2316 duobus3
1862 2257 1929 2306 ad
1954 2257 2166 2325 presby-

255 2346 485 2394 teratum
511 2347 693 2393 autem
718 2342 1059 2410 provehendi,
1084 2342 1143 2392 in
1169 2342 1340 2393 tribus
1366 2342 1680 2392 tractatibus
1705 2343 1773 2392 ad
1798 2344 1993 2406 minuS,
2018 2343 2103 2395 vel
2121 2342 2166 2395 si

253 2416 431 2496 placet
454 2429 513 2479 in
538 2433 654 2480 tota
679 2429 949 2499 theologia
972 2429 1278 2499 dogmatica
1295 2429 1677 2480 examinentur.
1743 2428 2166 2482 Praemittantur

254 2514 435 2577 etiam,
466 2514 511 2565 si
535 2514 651 2565 fieri
675 2519 870 2582 potest,
894 2516 1332 2584 proclamationes
1357 2516 1802 2567 ordinandorum.-

396 2602 450 2651 4.
501 2598 803 2663 Serventur,
842 2606 1107 2669 quantum
1151 2602 1264 2653 fieri
1308 2607 1501 2669 potest,
1544 2602 1855 2666 interstitia,
1892 2606 1957 2654 ut
2005 2620 2169 2655 unus-

254 2686 494 2754 quisque,
521 2691 812 2754 antequam
837 2687 906 2738 ad
931 2687 1178 2739 altiorem
1215 2689 1439 2757 gradum
1471 2689 1739 2751 ascendat,
1776 2689 2014 2740 ordinem
2048 2689 2167 2757 jam

255 2777 560 2840 susceptum
598 2773 872 2824 exercendi
911 2775 1371 2842 opportunitatem
1409 2775 1708 2843 frequenter
1744 2774 1956 2838 habeat,
1988 2776 2169 2845 sicque

256 2859 488 2911 rubricas
513 2863 722 2911 mature
747 2859 936 2911 discat.

400 2953 452 3004 5.
504 2951 583 3004 Ut
619 2952 813 3020 aliquis
850 2953 1038 3004 modus
1075 2958 1344 3005 statuatur
1380 2971 1485 3021 quo
1527 2956 1766 3019 clericuS,
1804 2956 1967 3008 titulo
2002 2958 2170 3024 patri-

256 3038 425 3089 monii
466 3038 535 3088 ad
578 3038 1019 3090 subdiaconatum
1068 3045 1361 3108 promotus,
1403 3042 1679 3092 decentem
1725 3043 2168 3095 sustentationem

256 3123 467 3186 habeat,
510 3123 694 3176 Patres
734 3131 950 3176 censent
992 3127 1263 3177 neminem
1313 3127 1542 3178 ordinari
1591 3127 1776 3179 debere
1824 3128 1928 3180 nisi
1977 3129 2170 3181 habeat

257 3208 502 3278 legaliter
561 3214 765 3260 certum
824 3210 1094 3262 redditum
1156 3201 1509 3281 quadraginta
1568 3213 1635 3262 ad
1683 3212 1862 3264 minus
1919 3214 2169 3266 librarum

260 3294 611 3346 sterlinarum.
687 3295 753 3346 In
796 3313 901 3363 quo
949 3297 1054 3348 rite
1095 3298 1468 3349 constituendo
1511 3315 1633 3365 prae
1682 3299 1847 3349 oculis
1896 3300 2169 3360 habeatur,

258 3384 522 3446 quantum
541 3381 686 3443 licet,
704 3381 886 3431 Instit.
906 3394 1085 3445 XXVI„
1106 3382 1299 3433 Bened.
1320 3382 1492 3446 XIV„
1511 3390 1566 3434 et
1583 3384 1765 3453 regula
1789 3384 1849 3434 in
1874 3402 1934 3435 ea
1954 3386 2167 3436 tradita.

406 3466 454 3516 6.
508 3465 693 3518 Sciant
718 3473 901 3518 autem
925 3467 986 3530 ii,
1012 3469 1106 3535 qui
1132 3468 1296 3519 tit-ulo
1323 3469 1405 3519 sui
1430 3469 1742 3536 patrimonii
1777 3476 2169 3537 promoventur,

262 3550 364 3601 sibi
389 3567 495 3602 non
521 3570 631 3603 esse
654 3553 883 3604 liberum
920 3570 952 3603 a
987 3555 1198 3620 propria
1236 3554 1461 3605 dioecesi
1498 3555 1778 3618 discedere,
1803 3556 1907 3605 nisi
1941 3556 2006 3606 de
2033 3557 2170 3623 epis-

261 3636 380 3702 copi
406 3624 677 3700 consensu,
702 3639 789 3688 cui
815 3638 1162 3688 reverentiam
1184 3644 1238 3688 et
1258 3638 1615 3689 obedientiam
1634 3640 1691 3689 in
1710 3639 1827 3706 ipsa
1841 3640 2170 3692 ordinatione

262 3721 630 3790 promiserunt.
703 3727 738 3754 “
757 3723 944 3791 Neque
986 3723 1178 3785 enim,’'
1216 3724 1396 3790 inquit
1435 3723 1562 3774 Ben.
1601 3724 1751 3776 XIV.
1789 3723 1995 3792 (Const.
2030 3743 2170 3788 xxv.,

409 3877 465 3929 (1)
499 3862 618 3919 ‘Vide
635 3879 803 3919 Decreta
821 3877 867 3918 in
886 3876 1095 3930 Append.,
1113 3884 1178 3917 n0·
1199 3876 1323 3917 XIV.
1348 3879 1391 3917 et
1410 3876 1507 3916 XV.
1528 3890 1556 3929 p
1594 3878 1658 3918 67.
1703 3875 1769 3917 De
1787 3875 2051 3917 ordinatione
2070 3888 2169 3916 vero

264 3944 390 3987 titulo
411 3945 638 3995 Missionis,
661 3947 740 3986 vid.
766 3945 874 3995 ibid„
896 3951 961 3984 11⁰⁸
983 3943 1108 3984 XVI.
1133 3947 1175 3985 et
1195 3943 1344 3984 XVII.
1369 3957 1410 3996 p.
1435 3947 1499 3993 68,
1522 3946 1564 3983 et
1584 3956 1667 3994 seq.
