2514 4504
424 433 506 519 32
997 473 1158 517 com).
1202 470 1366 514 PRov.
1410 466 1629 510 wus'ms.
1678 466 1717 508 1.

559 626 610 674 2.
660 622 719 674 Si
735 622 851 690 jam
874 638 979 672 non
1004 619 1212 681 existat,
1236 623 1406 668 totam
1430 630 1728 684 percurrens
1752 629 1872 665 suae
1902 611 2178 680 pastoralis
2201 611 2303 667 sol—

418 704 713 755 licitudinis
736 700 1085 771 regionem,3ej
1093 701 1275 750 usdem
1300 702 1537 749 exactam
1562 696 1870 747 relationem
1907 693 2216 758 conscribat,
2239 710 2301 746 ac

417 789 609 839 librum
633 794 800 840 status
825 788 1136 848 animarum,
1160 785 1227 835 ad
1251 800 1488 835 normam
1513 780 1744 834 Ritualis
1768 779 2015 843 Romani,
2038 782 2300 847 quantum

417 873 530 924 fieri
554 879 743 941 potest,
769 872 1030 924 conficiat.

560 959 608 1007 3.
658 958 840 1008 Libros
856 958 1019 1007 etiam
1038 955 1435 1022 baptismorum,
1454 950 1899 1014 confirmatorum,
1913 949 2300 1016 defunctorum,

414 1046 471 1093 et
493 1043 963 1103 matrimoniorum,
988 1043 1228 1091 accurate
1251 1042 1444 1088 teneat.

555 1131 607 1190 4,
655 1126 910 1178 Aedificia
926 1127 1102 1177 omnia
1127 1141 1283 1187 sacra,
1304 1123 1519 1185 scholaS,
1537 1122 1938 1191 presbyterium,
1954 1137 2052 1174 nec
2069 1137 2177 1173 non
2193 1075 2300 1173 alia

414 1213 589 1263 omnia
637 1213 704 1262 ad
751 1211 1022 1261 ecclesiam
1070 1209 1406 1276 pertinentia,
1456 1212 1595 1258 sarta
1643 1211 1787 1258 tecta
1834 1206 2099 1259 custodire
2133 1211 2298 1260 curet.

414 1298 565 1348 Nihil
589 1298 822 1360 innovet,
847 1297 931 1347 vel
954 1296 1209 1358 addendo,
1235 1295 1315 1345 vel
1340 1294 1634 1357 alienando,
1667 1292 1751 1344 vel
1791 1292 1957 1344 etiam
1992 1291 2302 1364 notabiliter

412 1382 761 1444 immutandO,
787 1381 1081 1432 inconsulto
1105 1381 1363 1447 episcopo.

553 1469 602 1517 5.
652 1467 730 1517 De
773 1467 1011 1517 oneribus
1053 1466 1328 1515 missarum
1373 1463 1653 1532 diligenter
1687 1463 1954 1531 inquirat3
1993 1465 2298 1518 eorumdem

409 1552 658 1603 tabellam
700 1553 758 1602 in
806 1551 1025 1602 sacrario
1071 1566 1358 1617 appensam
1420 1554 1599 1600 teneat
1617 1566 1633 1599 t
1694 1565 1831 1600 nova
1878 1556 2133 1617 perpetua
2190 1567 2298 1602 non

408 1643 639 1688 assumat
664 1639 775 1688 sine
801 1637 1030 1704 episcopi
1061 1636 1358 1687 sanctione:
1397 1635 1440 1685 si
1477 1635 1638 1685 nimis
1671 1651 1883 1685 onerosa
1919 1635 2202 1686 videantur
2236 1652 2299 1687 ea

407 1739 540 1790 quae
573 1723 691 1791 jam
733 1723 891 1774 habet
930 1720 1282 1790 persolvenda,
1324 1724 1420 1771 aut
1451 1736 1558 1771 non
1595 1720 1790 1771 existat
1823 1736 2051 1789 congrua
2074 1721 2298 1786 dotatio,

409 1809 712 1876 episcopum
736 1810 908 1872 adeat,
933 1808 1015 1859 vel
1038 1809 1096 1858 in
1121 1807 1423 1858 visitatione
1447 1807 1515 1858 de
1537 1823 1593 1858 re
1616 1808 1890 1858 certiorem
1914 1806 2094 1858 faciat.

552 1895 601 1946 6.
652 1895 710 1946 Si
733 1896 852 1962 quis
876 1895 1116 1945 fidelium
1141 1893 1362 1944 Missam
1385 1892 1793 1943 anniversariam
1818 1892 1903 1943 vel
1926 1892 2296 1960 quotidianam

406 1978 624 2029 fundare
661 1979 903 2042 voluerit,
945 1977 1219 2046 negotium
1258 1992 1380 2027 cum
1422 1977 1664 2043 episcopo
1707 1979 1786 2026 est
1829 1976 2204 2038 tractandum3
2240 1981 2298 2029 et

408 2080 611 2112 summa
634 2065 701 2113 ad
725 2064 822 2114 hoc
848 2063 1039 2114 collata
1062 2064 1118 2112 in
1142 2061 1365 2112 utilibus
1401 2061 1791 2111 investimentis
1825 2060 1927 2110 erit
1963 2061 2295 2127 insumenda,

406 2150 633 2212 servatiS,
647 2151 705 2200 in
729 2154 989 2217 quantum
1012 2149 1243 2200 locorum
1267 2152 1323 2198 et
1346 2152 1642 2214 temporum
1657 2146 2083 2199 circumstantiae
2101 2149 2295 2214 sinant,
2370 2198 2373 2200 ,

406 2234 666 2284 canonicis
709 2235 1092 2304 sanctionibus3
1129 2238 1194 2285 ut
1235 2249 1469 2284 annuum
1506 2233 1739 2284 fructum
1763 2250 1858 2301 pro
1882 2234 2156 2287 dotatione
2178 2251 2296 2304 per-

404 2324 566 2386 petua
588 2319 789 2370 reddat.
1538 2330 1542 2332 ’

548 2403 597 2456 7.
646 2404 724 2455 De
744 2408 980 2472 aegrotos
1005 2403 1268 2455 visitando
1293 2408 1349 2455 et
1372 2406 1654 2457 morientes
1670 2405 1909 2472 juvando
1934 2409 2005 2458 sit
2030 2407 2294 2470 solicitus3

403 2507 500 2541 nec
527 2494 643 2557 post
668 2489 1002 2541 Sacramenta
1026 2493 1263 2557 suscepta
1286 2506 1489 2556 prorsus
1513 2490 1811 2558 relinquat3
1849 2493 1940 2544 sed
1964 2509 2136 2561 saepe,
2159 2498 2233 2557 et,
2246 2494 2294 2546 si

403 2580 612 2643 tempus
651 2580 915 2643 suppetat,
955 2575 1192 2642 quotidie
1230 2576 1442 2639 invisat,
1485 2592 1548 2627 ac
1589 2577 1648 2628 in
1691 2579 1938 2629 extremis
1974 2580 2202 2632 assistat.
2238 2579 2292 2631 S.

402 2660 691 2723 Viaticum,
733 2664 995 2727 protracto
1033 2661 1229 2723 morbo,
1267 2677 1364 2712 nec
1405 2665 1640 2714 cessante
1677 2663 1927 2730 periculo,
1968 2664 2294 2732 frequentius

403 2746 751 2796 administret.
823 2744 957 2795 Vere
993 2744 1258 2795 laudabile
1290 2749 1371 2796 est
1407 2745 1688 2810 defunctis,
1713 2748 1758 2799 si
1790 2750 2163 2801 coemeterium
2186 2766 2294 2802 non

402 2829 670 2892 habeatur,
721 2829 864 2880 domi
910 2829 1060 2897 justa
1106 2830 1345 2897 persolvi,
1394 2832 1439 2882 si
1486 2832 1554 2882 ad
1606 2833 1881 2884 ecclesiam
1931 2833 2099 2902 (quod
2158 2840 2294 2888 esset

404 2913 718 2984 optandum)
744 2915 959 2966 cadaver
983 2916 1166 2966 deferri
1184 2932 1290 2966 non
1313 2917 1494 2983 possit.
1553 2915 1849 2970 Catholicos
1867 2936 1987 2970 vero
2005 2905 2294 2985 hortamur,

402 3004 467 3050 ut
489 2999 683 3066 ubique
706 3000 788 3050 vel
813 3001 1122 3050 coemeteria
1145 3002 1253 3051 ritu
1277 3002 1535 3053 catholico
1559 3003 1912 3070 benedicenda
1949 3005 2050 3056 sibi
2082 2998 2295 3074 compa-

402 3089 535 3146 rent,
594 3085 678 3135 vel
749 3085 840 3135 ubi
911 3086 1126 3153 publica
1186 3088 1495 3138 coemeteria
1556 3090 1856 3157 sumptibus
1922 3093 2293 3145 communibus

403 3171 793 3237 praeparantur,
816 3173 1022 3236 partem
1048 3171 1146 3221 sibi
1172 3171 1293 3221 solis
1317 3175 1561 3224 reservari
1586 3180 1881 3241 procurent.

547 3257 596 3304 8.
648 3253 950 3306 Cavendum
977 3260 1057 3307 est
1079 3273 1146 3307 ne
1171 3259 1400 3309 sacerdos
1435 3261 1494 3310 in
1530 3261 1763 3328 aliquam
1800 3263 2004 3315 incidat
2040 3263 2293 3316 avaritiae

404 3340 769 3407 suspicionem,
795 3357 849 3391 se
872 3344 1306 3393 testamentorum
1331 3346 1647 3397 confectioni
1683 3348 2001 3411 immiscens,
2026 3348 2071 3399 si
2103 3348 2292 3400 saltem

402 3424 462 3474 in
503 3424 837 3474 commodum
877 3425 1121 3476 ecclesiae
1157 3426 1240 3476 vel
1276 3444 1581 3494 pauperum,
1619 3430 1872 3481 bonorum
1904 3437 2108 3499 partem
2132 3435 2293 3486 mori-

402 3508 610 3558 bundus
659 3508 826 3559 cedat.
924 3509 1027 3560 Sed
1075 3511 1141 3561 ab
1188 3512 1383 3562 insanis
1431 3517 1777 3579 quorumdam
1826 3517 2138 3570 clamoribus
2184 3534 2291 3572 non

405 3593 724 3643 deterreatur
747 3593 814 3643 ab
838 3593 1006 3643 officio
1024 3596 1271 3645 monendi
1296 3613 1380 3646 eos
1399 3599 1491 3663 qui
1516 3599 1714 3665 injuste
1737 3605 2041 3667 rapuerunt,
2060 3606 2124 3653 ut
2146 3619 2290 3655 nunc

404 3676 620 3727 tandem
658 3677 1049 3727 restitutionem
1092 3679 1319 3741 faciant3
1358 3699 1453 3732 nec
1496 3700 1601 3733 non
1635 3701 1720 3735 eos
1753 3685 1998 3736 hortandi
2034 3689 2127 3753 qui
2151 3705 2289 3740 nun-

404 3777 565 3827 quam
587 3760 645 3809 in
669 3777 920 3827 pauperes
945 3763 1350 3827 misericordiam
1375 3766 1625 3831 fecerunt,
1651 3773 1715 3819 ut
1751 3771 1967 3820 tandem
2004 3771 2288 3840 aliquando

404 3850 619 3915 peccata
644 3862 736 3895 sua
761 3845 1096 3915 eleemosynis
1121 3849 1397 3903 redimant.
