2514 4504
1092 524 1372 570 DECRETA.
2096 511 2174 572 27

285 688 390 723 non
415 688 447 722 a
471 675 620 740 parte
644 672 936 723 acatholica
961 672 1024 724 de
1060 672 1418 740 permittendo
1454 671 1614 723 libero
1650 672 1896 723 exercitio
1921 674 2184 741 religionis

284 757 425 823 parti
451 758 740 809 catholicae
758 776 771 818 3
810 775 841 808 a
864 761 1015 825 parte
1034 774 1151 808 vero
1167 756 1445 819 catholica,
1465 758 1530 808 de
1555 759 1886 808 conversione
1902 760 2184 825 compartis

284 841 606 893 acatholicae
632 843 877 894 curanda.

430 927 478 977 7.
532 925 666 979 Cum
701 945 852 996 saepe
885 928 981 979 fiat
1013 932 1077 979 ut
1108 929 1271 979 exteri
1306 928 1365 979 in
1390 927 1641 998 Angliam
1667 930 1883 980 veniant
1907 929 1973 979 ad
1998 930 2186 980 ineun-

284 1011 414 1063 dum
434 1013 855 1077 matrimonium,
874 1019 1095 1066 caveant
1114 1031 1443 1081 summopere
1463 1014 1769 1082 presbyteri,
1789 1031 1855 1065 ne
1875 1022 2186 1065 concurrant

283 1098 622 1150 matrimonio
647 1099 704 1149 in
729 1099 968 1150 fraudem
1002 1099 1132 1169 legis
1169 1098 1539 1151 contrahendo.
1615 1100 1913 1168 Propterea,
1938 1102 1995 1151 in
2039 1100 2183 1151 omni

283 1182 587 1251 hujusmodi
613 1201 752 1248 casn,
778 1189 1045 1236 recurrant
1068 1185 1136 1236 ad
1160 1185 1465 1253 episcopum
1487 1204 1499 1236 ε
1538 1202 1659 1253 prae
1684 1186 1851 1237 oculis
1885 1186 2066 1237 habita
2091 1203 2184 1253 pro

283 1267 381 1320 hoc
424 1286 564 1332 casu,
607 1286 704 1321 nec
746 1287 852 1321 non
891 1287 984 1338 pro
1027 1271 1380 1323 matrimoniis
1423 1289 1696 1341 vagorum,
1737 1274 2083 1325 instructione
2127 1272 2181 1325 S.

285 1353 476 1419 Officii,
502 1356 588 1407 die
614 1359 677 1407 21
708 1356 844 1426 Aug.
876 1356 1014 1408 1670
1040 1356 1201 1408 edita.

428 1443 478 1492 8.
530 1439 665 1493 Cum
708 1442 990 1494 occurrerit
1027 1459 1176 1494 casus
1218 1442 1592 1510 impedimenti
1630 1443 2053 1506 matrimonialiS,
2082 1444 2186 1494 mit

283 1530 368 1577 tat
405 1527 637 1578 sacerdos
679 1527 747 1578 ad
787 1527 1094 1595 episcopum
1138 1527 1434 1595 supplicem
1475 1527 1735 1592 libellum,
1778 1530 1836 1579 in
1873 1546 1975 1596 quo
2006 1546 2185 1580 casum

281 1617 527 1680 exponat,
547 1613 626 1663 ita
644 1618 708 1664 ut
731 1614 940 1683 gradus,
966 1613 1048 1664 vel
1074 1613 1179 1664 alia
1203 1630 1358 1665 causa
1382 1614 1442 1665 in
1466 1630 1570 1682 qua
1606 1615 1809 1682 petitur
1845 1614 2185 1681 dispensatio,

283 1702 524 1749 accurate
548 1698 905 1759 describatur3
943 1698 1208 1766 simulque
1249 1700 1476 1751 rationes
1518 1701 1719 1767 pandat
1754 1700 1821 1751 ob
1845 1717 1972 1767 quas
2007 1716 2188 1750 conce-

284 1783 512 1834 dendam
536 1788 761 1835 censeat.
836 1783 987 1854 Quod
1013 1784 1057 1835 si
1081 1785 1324 1852 episcopo
1349 1785 1522 1836 visum
1548 1786 1710 1836 fuerit
1744 1785 2186 1852 dispensationem

283 1868 482 1938 largiri,
521 1869 603 1920 vel
645 1869 867 1938 propriis
910 1869 1255 1921 facultatibus
1295 1874 1467 1932 utenS‚
1498 1870 1582 1921 vel
1618 1875 1737 1938 post
1774 1870 1997 1921 Sanctae
2035 1870 2185 1922 Sedis

284 1952 511 2022 petitam
559 1959 616 2006 et
663 1955 935 2006 obtentam
995 1955 1208 2006 veniam
1262 1953 1329 2024 (si
1382 1955 1705 2007 facultatum
1766 1957 1958 2024 quibus
2018 1957 2185 2024 pollet

283 2040 483 2090 limites
507 2040 725 2091 excedat
749 2040 939 2109 casus),
959 2041 1087 2108 ipse,
1112 2057 1206 2108 per
1230 2057 1283 2092 se
1307 2044 1402 2091 aut
1426 2058 1518 2109 per
1542 2042 1817 2104 vicarium,
1838 2042 2185 2109 dispensatio-

282 2141 404 2176 nem
423 2141 515 2193 per
533 2125 743 2193 scripta,
760 2142 883 2176 cum
902 2126 1148 2177 omnibus
1163 2125 1410 2177 clausulis
1430 2143 1461 2176 a
1477 2127 1599 2194 jure
1623 2128 1909 2194 requisitiS‚
1930 2128 2183 2178 sacerdoti

282 2210 605 2278 supplicanti
629 2211 768 2262 tradi
794 2211 1019 2274 curabit,
1044 2228 1167 2262 cum
1192 2228 1396 2262 annexa
1430 2211 1618 2263 scheda
1651 2217 1940 2264 attestante
1973 2230 2184 2265 exsecu-

281 2298 483 2349 tionem
502 2298 924 2366 dispensationis.
977 2297 1149 2359 Quam
1169 2298 1388 2366 quidem
1414 2300 1664 2362 sacerdOS,
1684 2316 1716 2349 a
1740 2316 1792 2350 se
1818 2300 2181 2366 subscriptam,

277 2383 460 2435 reddet
494 2384 757 2452 episcop0,
780 2385 839 2435 in
863 2383 1075 2436 archivo
1101 2384 1426 2449 servandam,
1451 2385 1511 2435 in
1546 2385 1917 2436 testimonium
1953 2385 2184 2454 legitimi

280 2470 628 2522 matrimonii.

388 2556 438 2606 9.
486 2554 916 2623 Dispensationes
940 2556 1112 2626 igitur
1134 2555 1554 2607 matrimoniales
1590 2571 1866 2623 nunquam
1899 2556 2021 2606 viva
2044 2572 2186 2619 voce,

278 2640 362 2692 vel
402 2656 496 2708 per
533 2641 830 2709 simplicem
874 2643 1175 2711 epistolam,
1213 2642 1590 2706 concedantur,
1638 2642 1728 2694 sed
1774 2658 1868 2711 per
1904 2641 2185 2693 formulam

278 2730 521 2779 accurate
544 2728 932 2781 concinnatam.

835 2905 838 2909 ’
890 2920 1293 2974 DECRETUM
1358 2918 1577 2972 xxm.

851 3054 933 3107 Dc
968 3051 1286 3124 Praeceptis
1322 3028 1611 3104 Ecclesiae.

422 3189 470 3241 1.
521 3186 833 3258 Optandum
849 3187 1065 3256 quidem
1082 3190 1218 3238 esset
1242 3189 1305 3236 ut
1323 3185 1579 3237 festorum
1595 3184 1926 3237 observantia
1944 3186 2188 3235 accurata

275 3275 416 3326 inter
456 3291 551 3326 nos
589 3275 827 3344 vigeret3
880 3272 969 3324 sed
1012 3289 1137 3323 cum
1179 3269 1395 3323 difficile
1439 3271 1511 3322 sit
1553 3288 1586 3322 a
1629 3271 1903 3322 servilibus
1944 3268 2187 3337 operibus

275 3361 551 3423 abstinere,
591 3360 660 3411 iis
708 3359 938 3410 maxime
986 3357 1083 3424 qui
1124 3356 1193 3408 ab
1230 3356 1368 3407 heris
1410 3355 1828 3423 protestantibus
1867 3354 2187 3422 dependent,

272 3446 425 3496 enixe
449 3444 882 3506 adlaborandum,
906 3446 971 3493 ut
995 3442 1176 3493 fideles
1201 3442 1268 3493 iis
1302 3441 1506 3504 diebuS,
1544 3442 1589 3491 si
1626 3440 1764 3491 infra
1800 3439 2186 3491 hebdomadam

272 3531 489 3593 cadunt,
509 3529 697 3580 saltem
714 3528 910 3579 Missae
925 3528 1191 3579 assistant.
1248 3526 1325 3577 Ac
1340 3530 1614 3593 propterea
1634 3525 1829 3576 debent
1845 3522 2181 3584 missionarii,

274 3616 319 3666 si
343 3615 456 3666 fieri
480 3618 673 3682 potest,
699 3614 767 3665 ad
793 3613 1224 3664 satisfaciendum
1249 3628 1431 3662 eorum
1462 3610 1751 3671 devotioni,
1793 3609 1981 3659 saltem
2020 3624 2183 3657 unam

270 3701 492 3751 Missam
517 3699 753 3750 diluculo
778 3698 1142 3750 celebrandam
1167 3713 1362 3748 curare.
1439 3695 1587 3762 Ipsos
1613 3698 1795 3744 autem
1822 3697 2089 3754 moneant,
2115 3695 2181 3741 ut

270 3802 377 3837 non
414 3786 623 3852 propria
662 3784 995 3846 auctoritate,
1035 3783 1124 3834 sed
1168 3782 1232 3833 de
1272 3781 1491 3832 licentia
1532 3779 1836 3841 sacerdotiS,
1870 3778 2101 3847 negotiis
2125 3780 2181 3827 et

271 3870 513 3938 operibus
537 3870 594 3919 in
620 3868 688 3920 iis
714 3869 897 3920 diebus
921 3868 1251 3919 incumbant.
