2514 4504
464 424 588 486 276
926 496 933 498 ν
1017 447 1178 491 conc.
1222 448 1388 492 PRov,
1434 449 1656 495 wnsm.
1701 453 1784 495 1v.

599 586 772 639 LVII.
810 587 1300 656 Philosophicarum
1324 607 1496 643 rerum
1519 609 1831 661 morumque
1853 594 2092 658 scientia,
2113 595 2350 665 itemque

458 671 639 722 civiles
663 672 802 740 leges
825 678 1046 740 possunt
1070 678 1126 726 et
1150 675 1347 727 debent
1369 692 1402 727 a
1426 677 1608 729 divina
1649 681 1706 729 et
1747 678 2099 731 ecclesiastica
2121 680 2351 732 auctori-

457 761 572 807 tate
584 756 871 808 declinare.

710 857 848 898 Alloc.
870 857 1050 898 Maxima
1066 859 1221 910 quidem
1239 861 1264 899 9
1282 859 1421 908 Junii,
1442 862 1558 902 1862.

597 973 804 1025 LVIII.
848 974 1000 1025 Aliae
1023 974 1158 1026 vires
1182 991 1290 1027 non
1313 980 1440 1028 sunt
1463 965 1820 1047 agnoscendae
1842 977 1947 1031 nisi
1970 970 2110 1043 illae,
2132 995 2268 1048 quae
2288 977 2350 1030 in

456 1060 679 1110 materia
718 1059 923 1127 positae
961 1064 1104 1122 sunt,
1126 1063 1183 1111 et
1223 1061 1398 1112 omnis
1438 1078 1646 1113 morum
1685 1063 1966 1131 disciplina
2003 1063 2350 1131 honestasque

455 1144 696 1195 collocari
721 1145 880 1195 debet
911 1144 971 1195 in
1003 1145 1336 1197 cumulandis
1368 1149 1426 1197 et
1459 1147 1717 1216 augendis
1751 1147 1938 1216 quovis
1961 1147 2119 1200 modo
2142 1146 2372 1200 divitiis.

454 1244 518 1280 ac
538 1229 598 1280 in
621 1228 985 1297 voluptatibus
1007 1229 1296 1297 explendiS.

710 1331 847 1372 Alloc.
868 1331 1053 1371 Maxima
1070 1332 1225 1383 quidem
1243 1333 1267 1371 9
1286 1331 1423 1382 Junii,
1446 1333 1564 1374 1862.

709 1397 849 1453 Epist.
870 1398 1032 1452 encycl.
1055 1399 1209 1446 Quanto
1226 1400 1477 1451 conficiantur
1497 1401 1546 1439 10
1563 1398 1765 1453 Augusti,
1788 1400 1907 1442 1863.

597 1514 746 1567 LIX.
794 1514 832 1567 J
832 1532 895 1567 us
931 1516 990 1566 in
1021 1516 1285 1567 materiali
1321 1515 1462 1567 facto
1499 1517 1764 1581 constitit,
1787 1521 1845 1570 et
1867 1517 2048 1569 omnia
2069 1515 2350 1570 hominum

455 1601 627 1655 officia
663 1605 789 1654 sunt
829 1617 1025 1653 nomen
1065 1602 1242 1665 inane,
1284 1605 1342 1653 et
1383 1603 1563 1654 omnia
1603 1602 1838 1655 humana
1874 1602 2033 1675 facta·
2050 1603 2191 1672 juris
2235 1602 2349 1657 vim

455 1688 671 1740 habent.

708 1766 846 1810 Auno.
867 1767 1051 1808 mxima
1066 1767 1224 1821 quidem
1241 1769 1266 1808 9
1283 1766 1422 1819 σωκῶ,
1445 1768 1566 1809 1862.

594 1885 714 1937 LX.
761 1885 1067 1937 Auctoritas
1089 1883 1229 1937 nihil
1255 1884 1404 1936 aliud
1427 1887 1510 1936 est
1530 1884 1637 1937 nisi
1659 1883 1869 1936 numeri
1900 1885 1958 1936 et
1993 1882 2348 1935 materialium

710 2073 848 2116 Alloc.
870 2073 1054 2115 Maxima
1071 2073 1226 2125 quidem
1244 2072 1270 2113 9
1289 2070 1426 2120 Junii,
1450 2072 1568 2113 1862.

560 2188 712 2242 LXI.
760 2189 1058 2240 Fortunata
1111 2187 1244 2239 facti
1299 2185 1573 2255 injustitia
1626 2185 1839 2239 nullum
1887 2185 2026 2255 juris
2073 2186 2350 2239 sanctitati

456 2275 838 2328 detrimentum
861 2273 1032 2325 affert.

710 2376 848 2418 Alloc.
868 2375 1111 2416 Jamdudmn
1128 2375 1321 2416 cernimus
1342 2374 1391 2416 18
1409 2371 1574 2426 Martii,
1600 2373 1720 2415 1861.

596 2493 777 2568 LXII.
814 2492 1255 2545 Proclamandum
1277 2495 1359 2571 est
1381 2495 1439 2544 et
1461 2491 1841 2544 observandum
1864 2491 2187 2560 principium
2209 2491 2351 2565 quod

458 2584 650 2633 vocant
672 2580 738 2632 de
765 2577 1243 2631 non-ilntewentu.

713 2680 850 2722 Alloc.
870 2681 999 2721 Novas
1016 2685 1054 2720 ot
1071 2685 1164 2720 ante
1181 2681 1232 2720 28
1253 2678 1524 2732 Septembris,
1547 2679 1668 2720 1860.

600 2796 809 2848 LXIII.
846 2795 1130 2864 Legitimis
1140 2794 1470 2864 ,principibus
1487 2793 1846 2847 obedientiam
1864 2792 2168 2856 detrectare,
2185 2792 2349 2843 immo

460 2887 517 2936 et
535 2883 783 2937 rebellare
804 2881 949 2933 licet.

715 2983 854 3037 Epist.
875 2981 1037 3036 encycl.
1061 2974 1336 3032 Quipzuribus
1354 2983 1379 3021 9
1397 2979 1665 3032 Novembris,
1689 2981 1807 3021 1846.

715 3050 851 3091 Alloc.
872 3049 1042 3100 Quisque
1058 3054 1227 3088 vestrum
1245 3050 1270 3087 4
1290 3046 1498 3097 Octobris,
1523 3047 1641 3090 1847.

714 3116 854 3169 Epist.
875 3114 1036 3167 encycl.
1056 3115 1230 3155 Nescitis
1247 3119 1286 3153 et
1302 3113 1497 3154 nobiscum
1517 3114 1541 3153 8
1558 3111 1817 3160 Decembris,
1838 3112 1961 3154 1849.

715 3183 822 3224 Litt.
843 3182 992 3235 Apost.
1017 3182 1112 3222 Cum
1130 3181 1318 3221 catholica
1335 3182 1387 3221 26
1405 3179 1568 3228 Martii,
1592 3181 1709 3221 1860.

603 3299 799 3351 LXIV.
846 3297 987 3349 Tum
1019 3297 1275 3364 cujusque
1307 3295 1626 3347 sanctissimi
1650 3292 1944 3363 juramenti
1972 3290 2207 3353 violatio,
2230 3293 2350 3341 tum

458 3386 726 3457 quaelibet
749 3384 965 3436 scelesta
981 3381 1350 3451 flagitiosaque
1372 3381 1514 3433 actio
1537 3380 1885 3448 sempiternae
1907 3377 2015 3446 legi
2038 3373 2350 3444 repugnans,

460 3491 567 3526 non
578 3473 581 3475 “
591 3472 761 3532 solum
778 3469 921 3531 haud
940 3472 1022 3529 est
1039 3464 1401 3535 improbanda,
1418 3481 1600 3517 verum
1622 3465 1787 3515 etiam
1805 3461 2022 3514 omnino
2037 3460 2190 3512 licita
2207 3475 2351 3510 sum-

461 3560 665 3626 misque
687 3553 934 3606 laudibus
957 3551 1230 3614 efferenda,
1253 3550 1464 3619 quando
1487 3549 1547 3601 id
1568 3564 1662 3617 pro
1685 3546 1890 3617 patriae
1911 3561 2087 3598 amore
2109 3547 2313 3613 agatur.
2358 3598 2361 3600 ,

694 3655 826 3696 Alloc.
862 3652 1009 3700 Quibus
1026 3651 1258 3703 quantisque
1275 3651 1327 3700 20
1346 3647 1520 3702 Aprilis,
1542 3649 1658 3688 1849.
