2514 4504
359 335 485 391 426
1126 348 1367 391 Anmrro
1409 348 1489 391 x1.

360 496 681 547 admittatur
704 496 894 563 absque
919 493 1366 546 testimonialibus
1390 493 1559 543 literis
1601 497 1719 543 tum
1763 493 2027 546 Ordinarii
2050 495 2266 565 orginis,

361 585 481 631 tum
522 583 688 632 etiam
730 578 993 631 Ordinarii
1052 578 1174 641 loci,
1230 578 1289 628 in
1346 594 1450 644 quo
1498 577 1778 630 Postulans
1826 583 1947 646 post
1995 579 2266 647 expletum

361 667 630 717 decimum
670 666 918 734 quintum
958 681 1159 715 annum
1199 664 1392 715 aetatis
1430 679 1553 714 suae
1591 663 1734 715 ultra
1787 681 1988 716 annum
2031 669 2266 718 moratus

361 752 539 803 fuerit.

504 883 555 930 2.
607 879 873 932 Ordinarii
915 880 974 930 in
1012 878 1262 947 praefatis
1304 877 1472 928 literis
1514 877 1960 954 testimonialibus
1983 882 2265 947 postquam

362 965 647 1034 diligenter
695 965 1075 1032 exquisiverint
1123 965 1288 1014 etiam
1335 980 1428 1030 per
1486 967 1706 1013 secretas
1754 963 2150 1015 informationes
2198 963 2266 1014 de

361 1051 689 1102 Postulantis
713 1049 1079 1117 qualitatibus,
1102 1049 1288 1099 referre
1306 1048 1532 1099 debeant
1551 1049 1617 1099 de
1636 1048 1750 1116 ejus
1766 1049 2050 1113 natalibus,
2073 1053 2266 1112 aetate,

360 1137 609 1199 moribuS,
651 1136 783 1199 vita,
827 1135 987 1198 fama,
1030 1134 1351 1196 conditione,
1396 1133 1724 1197 educatione,
1768 1134 2024 1197 scientia3
2091 1151 2161 1185 an
2194 1134 2266 1186 sit

361 1222 667 1289 inquisitUS,
715 1220 894 1288 aliqua
943 1236 1176 1281 censura,
1235 1218 1642 1286 irregularitate,
1692 1223 1789 1270 aut
1847 1219 1953 1271 alio
2014 1220 2265 1271 canonico

361 1303 747 1371 impedimento
762 1303 1013 1364 irretituS‚
1032 1318 1147 1352 aere
1162 1301 1333 1350 alieno
1349 1305 1615 1369 gravatuS,
1629 1301 1714 1353 vel
1731 1302 2024 1353 reddendae
2041 1301 2197 1370 alicuj
2205 1319 2265 1354 us

360 1389 834 1441 administrationis
857 1387 1051 1438 rationi
1074 1387 1343 1437 obnoxius.
1472 1386 1546 1437 Et
1582 1388 1752 1438 sciant
1795 1387 2059 1439 Ordinarii
2083 1403 2264 1439 eorum

362 1476 740 1527 conscientiam
782 1490 936 1543 super
983 1473 1208 1524 veritate
1251 1472 1607 1539 expositorum
1647 1476 1917 1523 oneratam
1963 1488 2264 1533 remanere3

362 1579 460 1613 nec
483 1562 613 1629 ipsis
650 1577 887 1627 unquam
929 1559 1155 1610 liberum
1199 1575 1308 1609 esse
1350 1557 1655 1626 hujusmodi
1680 1559 2062 1610 testimoniales
2085 1559 2264 1610 literas

362 1648 654 1715 denegare3
696 1647 756 1696 in
794 1645 992 1696 eisdem
1035 1650 1218 1695 tamen
1262 1661 1417 1711 super
1457 1646 1754 1712 praemissis
1779 1645 2002 1714 singulis
2026 1644 2265 1696 articulis

362 1749 424 1784 ea
446 1735 662 1783 tantum
687 1730 872 1781 testari
895 1730 1097 1793 debere,
1121 1746 1256 1797 quae
1281 1730 1384 1796 ipsi
1401 1746 1465 1780 ex
1489 1730 1811 1782 conscientia
1835 1730 2092 1782 affirmare
2115 1745 2265 1799 posse

361 1816 422 1867 in
445 1816 676 1868 Domino
692 1815 1069 1883 judicaverint.

409 1952 412 1953 ⁷
508 1955 558 2004 3.
609 1950 869 2003 Omnibus
909 1955 966 2002 et
1008 1950 1231 2020 singulis
1269 1949 1634 2018 Superioribus
1674 1953 2017 2020 regularibus,
2040 1951 2265 2020 aliisque

363 2038 660 2108 ReligiosiS,
687 2038 755 2088 ad
778 2054 908 2105 quos
933 2040 1155 2105 spectat,
1180 2036 1560 2105 cujuscumque
1583 2038 1774 2105 gradus
1793 2039 1918 2103 sint,
1943 2043 1998 2090 et
2022 2038 2264 2090 instituti

362 2124 492 2175 licet
516 2124 768 2191 exempti,
793 2126 848 2173 et
871 2123 1196 2191 privilegiati
1220 2138 1282 2172 ac
1306 2122 1372 2172 de
1396 2123 1707 2194 necessitate
1732 2124 2075 2191 exprimendi,
2097 2123 2264 2175 etiam

362 2210 421 2260 in
445 2209 646 2260 virtute
671 2212 881 2259 sanctae
906 2207 1237 2258 obedientiae
1261 2207 1351 2274 huj
1359 2225 1421 2258 us
1446 2208 1643 2259 decreti
1668 2208 1998 2260 observantia
2021 2208 2263 2263 districte

362 2295 715 2362 praecipitur:
763 2296 816 2343 et
842 2293 937 2359 qui
980 2296 1161 2343 contra
1202 2292 1362 2360 hujus
1403 2292 1603 2343 decreti
1644 2297 1880 2344 tenorem
1918 2293 2151 2361 aliquem
2193 2292 2263 2344 ad

362 2381 609 2431 habitum
674 2379 978 2449 religiosum
1038 2379 1309 2446 receperit,
1362 2395 1587 2446 poenam
1650 2379 1964 2446 privationis
2022 2380 2262 2431 omnium

363 2465 673 2529 officiorum,
696 2465 942 2531 vocisque
965 2463 1187 2527 activae,
1214 2468 1270 2514 et
1293 2467 1579 2530 perpetuae
1603 2464 1959 2515 inhabilitatis
1983 2465 2051 2515 ad
2074 2464 2179 2516 alia
2203 2464 2261 2515 in

363 2554 632 2619 posterum
656 2550 944 2601 obtinenda
968 2566 1028 2600 eo
1053 2549 1169 2617 ipso
1194 2549 1443 2612 incurrat,
1461 2565 1494 2599 a
1517 2565 1623 2616 qua
1638 2550 1847 2601 nonnisi
1866 2550 1935 2601 ab
1959 2549 2261 2617 Apostolica

365 2636 498 2689 Sede
521 2637 720 2705 poterit
744 2635 1046 2703 dispensari.
1352 2625 1355 2626 ⁷

505 2776 559 2826 4.
607 2774 677 2825 Vi
717 2773 1098 2841 cujuscumque
1137 2772 1423 2841 privilegii,
1466 2774 1753 2837 facultatis,
1793 2774 2010 2838 indulti,
2051 2775 2261 2842 dispen-

363 2865 597 2928 sationis,
634 2862 1042 2931 approbationiS,
1073 2862 1391 2930 regularum,
1424 2867 1479 2913 et
1517 2863 1961 2915 constitutionum
2000 2864 2164 2914 etiam
2201 2863 2261 2914 in

363 2951 530 3002 forma
565 2949 825 3017 specifica,
856 2963 1018 3014 quam
1050 2946 1116 2997 ab
1148 2936 1450 3013 Apostolica
1479 2946 1614 2999 Sede
1637 2948 1829 3014 aliquis
1855 2947 2009 3011 Ordo,
2035 2948 2261 2999 Institu-

364 3040 500 3099 tum,
525 3035 771 3101 Superior
804 3032 1100 3101 Religiosus
1132 3036 1550 3098 consequeretur,
1573 3049 1865 3100 numquam
1897 3033 2022 3083 huic
2054 3033 2260 3084 decreto

363 3122 675 3190 derogatum
711 3135 819 3169 esse
854 3120 1143 3180 censeatur,
1177 3117 1282 3166 nisi
1318 3117 1368 3167 ei
1405 3134 1639 3184 expresse
1675 3121 1731 3168 et
1762 3117 2082 3167 nominatim
2114 3117 2260 3169 dero-

363 3210 534 3276 getur,
575 3205 702 3254 licet
741 3204 801 3253 in
841 3201 1170 3253 concessione
1202 3202 1559 3268 derogatoriae
1590 3201 1854 3270 generales
1901 3203 2260 3268 quamtumvis

364 3289 572 3356 amplae
595 3290 943 3355 apponantur.
1019 3285 1169 3346 Quod
1195 3285 1240 3335 si
1264 3285 1424 3335 alicui
1448 3286 1709 3337 Instituto
1734 3303 1986 3354 expresse,
2011 3290 2067 3337 et
2082 3288 2261 3338 nomi—

362 3375 537 3424 natim
561 3372 879 3440 dispensatio
904 3387 1057 3438 super
1079 3370 1262 3420 eodem
1286 3370 1493 3420 decreto
1527 3371 1810 3437 aliquando
1843 3371 2058 3421 concedi
2091 3371 2261 3421 cont-i-

363 3459 519 3526 gerit,
542 3457 661 3507 aliis
693 3457 917 3506 minime
949 3455 1163 3506 extendi
1197 3455 1250 3505 vi
1274 3456 1471 3522 poterit
1494 3455 1871 3523 cujuscumque
1895 3455 2182 3524 privilegii,
2203 3460 2260 3507 et

365 3540 856 3594 communicationis
881 3538 1293 3607 privilegiorum.
