2514 4504
382 382 462 441 56
965 396 1125 440 conc.
1171 396 1342 440 Pnov.
1386 396 1606 440 wner.
1650 397 1693 441 1.

372 553 605 605 maximo
648 552 826 604 studio
869 551 1139 612 conferat3
1179 549 1647 601 Eminentissimus
1689 566 1750 601 ac
1793 547 2275 603 Reverendissimus

374 638 633 689 Dominus
678 638 732 690 S.
758 638 823 689 R.
860 638 923 688 E.
961 633 1251 688 Gardinalis
1274 634 1327 686 N
1329 635 1527 686 icolaus
1559 634 1829 686 Wiseman
1864 634 2278 704 Achiepiscopus

373 722 942 775 Westmonasteriensis
978 738 1039 772 ac
1076 721 1190 772 RR.
1235 720 1343 771 ΡΡ.
1386 719 1502 770 DD.
1543 719 1769 788 Angliae
1811 720 2064 790 Episcopi
2092 725 2278 772 votum

375 826 528 859 suum
568 808 622 860 S.
670 806 725 859 C.
761 809 1094 874 aperuerunt,
1130 810 1194 856 ut
1225 804 1536 872 Capitulum
1577 802 1905 868 Cathedrale,
1948 806 2091 874 quod
2118 805 2279 874 juxta

377 898 613 944 tenorem
638 893 963 942 Litterarum
988 890 1411 958 Apostolicarum
1435 890 1523 940 die
1562 888 1628 940 19
1667 888 1980 941 Novembris
2021 893 2159 942 1850
2182 907 2277 959 pro

373 982 660 1029 memorata
685 977 921 1028 Ecclesia
945 978 1164 1028 unicum
1189 976 1346 1026 modo
1372 991 1480 1026 esse
1504 974 1679 1038 debet,
1721 991 1787 1034 ex
1827 975 1943 1043 ipso
1985 976 2280 1028 monastico

302 1058 307 1063 ’
376 1063 623 1131 Capitulo
680 1062 1103 1131 congregationis
1169 1060 1749 1130 Anglo-Benedictinae
1796 1060 1855 1111 in
1911 1060 1965 1112 N
1966 1061 2275 1129 ewportensi

372 1145 501 1196 urbe
550 1144 920 1195 constituendo
969 1142 1244 1205 efficiatur,
1292 1142 1476 1192 addita
1525 1143 1690 1193 etiam
1739 1141 1995 1194 facultate
2043 1143 2280 1212 eligendi

373 1228 631 1277 minorem
655 1242 934 1276 numerum
960 1223 1367 1292 Capitularium,
1392 1225 1438 1276 si
1462 1225 1650 1276 statim
1674 1224 1858 1277 decem
1872 1224 2035 1294 juxta
2068 1224 2279 1279 litteras

374 1307 701 1375 Apostolicas
725 1307 906 1357 haberi
930 1309 1210 1373 nequeant.

410 1393 489 1445 Re
513 1398 694 1444 autem
728 1392 996 1460 proposita
1036 1392 1095 1442 in
1138 1391 1371 1460 generali
1419 1391 1474 1444 S.
1521 1390 1953 1463 Congregationis
1995 1397 2279 1459 conventu,

375 1480 558 1531 habito
584 1479 668 1529 die
694 1480 725 1529 5
752 1477 949 1545 Aprilis
990 1477 1147 1540 1852,
1183 1478 1533 1546 omnibusque
1575 1480 1681 1532 rite
1713 1480 2000 1548 perpensiS,
2023 1479 2282 1537 Eminen-

375 1565 571 1616 tissimi
619 1563 801 1614 Patres
849 1563 1190 1613 annuendum
1239 1568 1571 1628 censuerunt,
1618 1580 1681 1616 ea
1729 1568 1912 1617 tamen
1957 1566 2162 1617 ratione
2216 1569 2283 1618 ut

375 1650 645 1719 integrum
666 1648 790 1700 Sedi
809 1647 1143 1716 Apostolicae
1158 1647 1250 1716 jus
1274 1653 1489 1700 maneat
1514 1649 1747 1719 eligendi
1765 1649 2091 1718 Episcopum
2116 1650 2284 1702 etiam

374 1739 522 1787 extra
568 1733 867 1797 monachOS‚
915 1733 1121 1800 quoties
1169 1733 1451 1786 necessitas
1498 1739 1596 1786 aut
1643 1734 1856 1786 utilitas
1902 1734 1962 1786 id
2009 1735 2281 1804 requirat3

375 1821 806 1889 Archiepiscopus
829 1836 950 1871 vero
975 1823 1031 1869 et
1054 1818 1323 1887 Episcopi,
1360 1820 1560 1871 auditis
1585 1820 1938 1889 superioribus
1961 1824 2284 1873 memoratae

357 1906 815 1976 congregationis,
847 1904 1252 1955 instructionem
1292 1904 1673 1956 conficiendam
1712 1909 1897 1957 curent
1921 1904 1977 1958 S.
2002 1922 2285 1977 congrega-

376 1992 538 2042 tionis
587 1989 819 2041 examini
867 1987 1058 2039 deinde
1107 1987 1508 2055 subjiciendam,
1551 1994 1617 2040 ut
1659 2006 1795 2058 quae
1843 1991 2141 2059 generatim
2187 2008 2283 2059 pro

375 2076 634 2146 regimine
657 2074 1013 2125 Ecclesiamm
1031 2073 1255 2143 Angliae
1280 2075 1698 2139 constituuntur,
1724 2075 1993 2128 Ecclesiae
2033 2075 2284 2146 Newpor-

377 2161 516 2213 tensi
541 2163 596 2211 et
619 2158 960 2220 Meneviensi‚
984 2158 1186 2208 indulti
1223 2158 1314 2227 huj
1322 2176 1384 2210 us
1406 2159 1613 2211 ratione
1636 2160 1838 2225 habita,
1862 2161 2045 2229 aptari·
2059 2163 2282 2230 possint.

521 2246 676 2296 Hanc
737 2260 857 2295 vero
923 2241 978 2294 S.
1044 2241 1479 2313 Congregationis
1546 2246 1868 2297 sententiam
1935 2245 2283 2298 Sanctissimo

377 2332 605 2383 Domino
628 2329 819 2381 Nostro
843 2328 942 2379 Pio
967 2328 1145 2396 Papae
1170 2329 1254 2379 IX
1277 2329 1500 2381 relatam
1529 2331 1597 2383 ab
1633 2331 1968 2400 infrascripto
2007 2332 2283 2384 secretario

377 2419 438 2469 in
484 2415 756 2467 audientia
804 2414 912 2465 diei
962 2413 994 2465 6
1042 2413 1279 2482 ejusdem
1320 2417 1514 2468 mensis
1562 2420 1618 2469 et
1666 2418 1814 2481 anni,
1861 2411 2131 2470 Sanctitas
2174 2415 2284 2469 Sua

378 2503 608 2571 benigne
636 2501 695 2552 in
731 2500 976 2552 omnibus
1018 2499 1264 2568 probavit
1305 2517 1366 2551 ac
1407 2505 1581 2553 ratam
1621 2495 1813 2554 habuit
1841 2502 2004 2572 juxta
2045 2506 2282 2554 tenorem

380 2588 616 2656 superius
664 2584 983 2654 expositum,
1038 2579 1310 2637 contrariis
1374 2586 1797 2656 quibuscumque
1860 2587 2005 2640 haud
2069 2586 2283 2640 obstan-

379 2675 542 2737 tibus,
565 2675 667 2723 etc.
694 2736 698 2739 Ἴ

523 2757 743 2821 Datum,
767 2758 889 2820 etc„
914 2756 980 2807 21
1009 2754 1224 2824 Aprilis,
1255 2757 1409 2808 1852.

1420 2840 1506 2893 Al.
1543 2840 1825 2907 BARNABb,
1849 2839 2205 2896 Secretarius.

1269 3076 1388 3139 VI.

727 3221 829 3278 DE
887 3220 1257 3276 ECCLESIIS
1319 3220 1940 3276 CATHEDRALIBUS.

891 3368 1013 3408 Duo.
1052 3368 1095 3407 S.
1133 3367 1295 3407 coNG.
1332 3367 1407 3406 DE
1441 3367 1594 3407 PROP.
1631 3365 1779 3408 FIDE.

531 3488 801 3541 Restituta
859 3489 918 3539 in
966 3487 1159 3556 Anglia
1213 3503 1372 3556 regno
1427 3487 1710 3555 episcopali
1758 3485 2083 3555 Hierarchia,
2138 3491 2278 3543 datis

389 3592 596 3645 quoque
615 3573 930 3640 Apostolicis
950 3573 1167 3625 Litteris
1184 3589 1277 3638 pro
1301 3573 1560 3622 erectione
1586 3571 1950 3640 Capitulorum
1975 3573 2280 3644 Cathedral-

389 3659 522 3720 uim,
561 3656 891 3708 Cathedrales
915 3655 1180 3706 Ecclesiae
1212 3671 1305 3722 pro
1329 3654 1709 3706 Archidioecesi
1733 3656 2277 3711 westmonasteriensi
