2514 4504
338 436 418 495 14
912 445 1069 490 cous.
1122 443 1284 487 PRov.
1331 441 1554 484 wns'm.
1600 440 1638 481 1.

330 605 530 669 urgeat,
554 599 638 651 vel
662 597 957 667 periculum
984 592 1266 645 immineat
1289 589 1430 657 quod
1454 603 1559 638 non
1586 587 1695 638 sint
1719 584 1945 637 redituri
1971 587 2232 653 petenteS,

332 686 377 735 si
402 683 738 752 repellantur.

475 771 525 820 2.
574 767 657 818 Ad
695 764 1041 818 reverentiam
1083 758 1434 812 Sacramentis
1471 756 1858 808 conciliandam
1904 771 2236 822 summopere

332 856 579 923 praestat,
595 855 657 902 ut
676 850 908 902 sacerdos
923 847 1159 900 vestibus
1177 843 1611 895 convenientibus
1630 843 1853 894 indutus
1871 858 1933 892 ea
1948 842 2235 902 ministret}
2323 905 2330 913 ἡ

333 936 722 1005 superpellice0‚
748 935 967 996 scilicet,
993 936 1049 984 et
1073 929 1237 990 stola3
1277 929 1378 979 nisi
1403 928 1684 979 necessitas
1710 927 1865 978 aliter
1890 927 2127 990 suadeat,
2152 925 2234 977 vel

333 1024 435 1074 loci
459 1026 554 1074 aut
578 1022 829 1089 temporis
854 1016 1283 1083 circumstantiae
1301 1031 1406 1066 non
1432 1014 1625 1065 sinant.

478 1111 528 1160 3.
580 1105 944 1174 Opportunam
970 1103 1135 1154 etiam
1174 1119 1238 1152 ex
1273 1101 1389 1168 ipsa
1415 1098 1742 1151 Sacramenti
1778 1097 2240 1150 administratione

334 1183 657 1243 occasionem
693 1190 927 1257 arripiat,
953 1188 1246 1238 doctrinam
1285 1184 1552 1235 Ecclesiae
1591 1184 1655 1234 de
1683 1182 2053 1247 Sacramentis,
2078 1200 2236 1252 gene-

331 1277 492 1327 ratim
518 1276 625 1327 sive
649 1276 708 1325 in
732 1274 922 1342 specie,
946 1272 1103 1340 plane
1128 1275 1184 1322 et
1225 1269 1541 1337 simpliciter
1576 1268 2047 1318 circumstantibus
2071 1267 2240 1336 expli-

336 1361 508 1412 candi.
579 1359 703 1411 Non
744 1375 876 1421 rar0,
900 1358 966 1408 de
990 1373 1171 1408 eorum
1213 1353 1472 1406 fructibus
1495 1356 1551 1404 et
1591 1357 1802 1416 natura,
1847 1354 2110 1422 populum
2136 1354 2239 1406 sibi

337 1446 672 1496 commissum
732 1443 961 1494 fideliter
1029 1432 1261 1492 instruat
1286 1457 1302 1502 ;
1373 1443 1530 1491 utens
1601 1440 1832 1490 maxime
1909 1438 2240 1491 Catechismo

337 1529 576 1581 Romano
613 1529 681 1580 ad
716 1527 982 1596 parochOS,
1007 1525 1177 1577 veluti
1215 1523 1563 1576 fundamento
1606 1525 1835 1591 quodam
1874 1525 2240 1577 instructionis

338 1614 638 1665 tradendae.

477 1701 530 1750 4.
575 1697 802 1750 Studeat
842 1697 1007 1749 etiam
1053 1695 1379 1747 munditiem
1426 1698 1485 1747 et
1524 1695 1754 1746 nitorem
1790 1696 1848 1746 in
1890 1695 1958 1747 iis
1996 1695 2241 1747 omnibus

339 1800 557 1848 servare,
582 1800 715 1850 quae
740 1783 797 1833 in
824 1781 1278 1834 Sacramentorum
1304 1781 1761 1832 administratione
1781 1781 2080 1832 adhibenda
2099 1785 2243 1844 sunt,

339 1868 400 1914 ut
425 1865 550 1914 inde
575 1863 815 1914 fidelium
839 1863 1127 1929 reverentia
1152 1863 1324 1932 magis
1349 1867 1622 1932 augeatur.

482 1951 533 2000 5.
583 1948 817 2001 Tandem
851 1948 1071 2001 rubricis
1095 1948 1416 1999 adamussim
1459 1947 1747 2014 inhaereat,
1771 1965 1963 2017 easque
1997 1952 2243 2000 accurate

339 2033 592 2089 observet.

979 2143 1383 2198 DECRETUM
1431 2143 1583 2197 XVI.

1078 2258 1159 2311 De
1193 2258 1504 2329 BaptismO.

484 2370 618 2424 Cum
642 2372 779 2425 inter
803 2374 1153 2441 protestantes
1177 2371 1388 2422 nullum
1413 2372 1485 2422 sit
1509 2372 1703 2441 dogma
1727 2371 1869 2439 quod
1893 2371 2082 2442 magiS‚
2098 2370 2244 2423 hisce

274 2445 276 2447 ¹
341 2460 680 2527 temporibuS‚
742 2462 1048 2526 corruptum
1097 2457 1336 2519 evaserit,
1389 2473 1551 2524 quam
1600 2458 1742 2524 quod
1790 2458 1856 2508 de
1904 2457 2243 2525 parvulorum

342 2543 735 2612 regeneratione
755 2559 847 2610 per
867 2541 1207 2609 Baptismum
1232 2542 1447 2603 tractat,
1466 2544 1673 2608 oportet
1690 2544 1753 2591 ut
1778 2558 1838 2592 eo
1857 2542 2029 2609 magis
2048 2557 2173 2592 sana
2188 2545 2244 2592 et

343 2628 481 2679 clara
504 2627 771 2679 Ecclesiae
794 2626 1032 2679 doctrina
1054 2625 1153 2676 hac
1179 2643 1331 2693 super
1354 2643 1409 2677 re
1433 2626 1722 2693 perspicue,
1740 2629 1796 2677 et
1821 2641 1973 2693 saepe
1988 2627 2242 2678 tradatur.

346 2712 450 2764 Sed
499 2715 555 2763 et
601 2712 716 2779 ipsa
765 2711 908 2762 tanti
944 2709 1274 2762 Sacramenti
1334 2710 1728 2760 administratio
1787 2710 2021 2760 maximo
2063 2710 2245 2762 decore

344 2796 525 2865 perfici
549 2796 719 2847 debet.
793 2795 1021 2846 Proinde
1046 2795 1318 2862 sequentia
1342 2795 1697 2862 praecipimus
1722 2794 1978 2846 observari
1999 2813 2013 2846 ε

492 2884 540 2932 1.
591 2881 657 2931 In
688 2896 1003 2946 unaquaque
1027 2879 1261 2943 ecclesia,
1287 2881 1375 2930 cui
1412 2897 1614 2930 annexa
1649 2884 1731 2931 est
1766 2897 1891 2931 cura
1927 2881 2246 2943 animarum,

353 2966 427 3017 sit
455 2965 571 3016 fons
603 2964 935 3031 baptismalis
971 2964 1076 3014 nisi
1100 2964 1168 3014 ad
1192 2969 1405 3032 tempus
1431 2964 1810 3033 dispensaverit
1845 2966 2158 3034 Episcopus,
2187 2966 2247 3017 in

346 3049 460 3101 loco
485 3049 762 3116 conspicuo
787 3052 843 3098 et
867 3048 1211 3098 conveniente
1234 3050 1437 3115 positus
1458 3067 1472 3111 ;
1511 3050 1570 3099 in
1594 3066 1699 3116 quo
1736 3066 1874 3117 aqua
1909 3051 2242 3117 baptismalis

340 3134 546 3203 jugiter
583 3136 829 3184 servetur.
904 3131 988 3182 Sit
1030 3132 1275 3183 decenter
1316 3138 1548 3197 ornatUS,
1582 3134 1728 3185 clave
1765 3135 2050 3198 obseratuS,
2091 3141 2163 3199 et,
2201 3137 2247 3187 si

347 3219 491 3269 locus
515 3219 670 3279 sinat,
696 3215 940 3267 cancellis
973 3216 1221 3267 inclusus·
1298 3216 1737 3269 Commendamus
1775 3219 1944 3286 igitur
1975 3219 2248 3271 observan-

349 3299 484 3349 tiam
554 3296 851 3365 regularum
923 3313 1052 3363 quas
1124 3298 1261 3348 circa
1332 3299 1551 3349 modum
1625 3300 1963 3351 custodiendi
2043 3301 2246 3353 fontem

351 3381 724 3450 baptismalem
786 3380 839 3432 S.
892 3379 1101 3432 Carolus
1150 3381 1490 3433 Borromaeus
1537 3384 1759 3434 tradidit
1788 3383 1872 3454 (¹).
1968 3385 2249 3439 Monemus

356 3469 542 3530 etiam,
576 3465 850 3532 Baptisma
873 3464 1016 3516 haud
1040 3483 1149 3517 esse
1172 3467 1649 3518 administrandum
1673 3485 1810 3535 aqua
1828 3486 1934 3520 non
1956 3467 2253 3535 benedic-ta,

351 3553 434 3604 vel
457 3551 736 3603 benedicta
772 3567 866 3617 pro
891 3550 995 3601 alio
1030 3568 1131 3601 usu
1170 3569 1327 3614 sacro,
1366 3551 1573 3602 excluso
1599 3554 1925 3604 necessitatis
1961 3572 2083 3606 casu
2105 3557 2191 3606 uti
2215 3574 2247 3608 a

353 3636 636 3688 Benedicto
661 3635 810 3686 XIV.
835 3635 1129 3703 explicatur
1149 3635 1546 3688 Constitutione
1571 3638 1726 3688 Inter
1751 3637 2095 3706 omniycmas,
2116 3642 2140 3709 ξ
2163 3644 2244 3693 10.

495 3787 552 3842 (1)
593 3786 649 3826 In
676 3786 919 3843 Appendice
945 3785 1100 3829 relatae
1127 3788 1239 3837 sunt,
1269 3786 1319 3826 n⁶
1344 3786 1424 3837 XI,
1443 3800 1484 3843 p.
1506 3790 1571 3831 63.
