2514 4504
480 384 600 445 120
1044 399 1207 444 cono.
1255 397 1421 442 Paov.
1468 398 1688 442 wner.
1734 399 1797 441 11.

468 549 703 602 excultos
746 548 1047 617 selegimuS‚
1083 550 1147 598 ut
1185 563 1247 598 ea
1284 548 1483 610 omnia,
1521 561 1654 613 quae
1692 545 2105 598 Immaculatam
2141 546 2378 617 Virginis

469 633 876 702 conceptionem
930 631 1242 699 respiciunt,
1290 631 1684 683 accuratissime
1733 630 2133 698 perpenderent,
2176 633 2375 700 propri-

467 737 658 787 amque
696 720 1017 770 sententiam
1046 717 1115 767 ad
1151 716 1260 767 Nos
1286 717 1561 767 deferrent.
1639 714 1893 776 Quamvis
1918 720 2100 767 autem
2125 716 2291 769 Nobis
2314 734 2378 770 ex

466 805 689 870 receptis
725 801 1170 870 postulationibus
1195 801 1262 851 de
1287 800 1588 851 definienda
1611 799 1832 850 tandem
1863 799 2150 868 aliquando
2176 802 2376 854 Imma-

468 888 645 939 culata
682 887 919 955 Virginis
946 885 1299 952 Conceptione
1335 887 1637 953 perspectus
1661 888 1795 936 esset
1833 880 2186 952 plurimorum
2213 904 2379 939 sacro-

467 990 585 1023 rum
627 973 954 1022 Antistitum
997 987 1191 1033 sensuS,
1235 973 1418 1020 tamen
1454 969 1745 1037 encyclicas
1781 969 2016 1021 Litteras
2053 971 2142 1022 die
2174 974 2208 1022 2
2243 971 2375 1024 Feb-

466 1059 644 1120 ruarii,
683 1073 820 1107 anno
865 1058 1020 1118 1849,
1060 1054 1271 1122 Cajetae
1308 1056 1458 1105 datas
1494 1055 1562 1105 ad
1587 1071 1769 1105 omnes
1793 1055 2133 1107 Venerabiles
2170 1056 2380 1109 Fratres

466 1148 633 1198 totius
713 1144 963 1196 catholici
1042 1144 1179 1195 orbis
1254 1160 1515 1195 sacrorum
1583 1143 1871 1196 Antistites
1953 1145 2219 1210 misimus,
2297 1151 2379 1212 ut,

467 1230 723 1282 adhibitis
759 1230 828 1280 ad
863 1229 1037 1280 Deum
1074 1229 1334 1296 precibus,
1359 1227 1526 1280 Nobis
1563 1228 1761 1295 scripto
1795 1229 1962 1280 etiam
1999 1229 2378 1300 significarent,

467 1334 601 1386 quae
626 1320 760 1367 esset
785 1332 998 1366 suorum
1023 1314 1265 1366 fidelium
1284 1330 1407 1382 erga
1426 1312 1840 1364 Immaculatam
1864 1313 2120 1383 Deiparae
2147 1315 2374 1386 Concep-

467 1403 673 1452 tionem
710 1401 898 1468 pietaS‚
924 1417 986 1451 ac
1023 1399 1255 1461 devotio,
1279 1402 1336 1449 et
1360 1398 1491 1465 quid
1526 1397 1631 1464 ipsi
1667 1399 1978 1465 praesertim
2002 1399 2289 1454 Antistites
2314 1403 2380 1455 de

467 1485 566 1537 hac
608 1486 722 1552 ipsa
765 1483 1076 1536 definitione
1120 1482 1334 1533 ferenda
1383 1483 1660 1546 sentirent,
1696 1483 1894 1550 quidve
1930 1488 2260 1552 exoptarent,
2296 1491 2377 1550 ut,

468 1588 571 1639 quo
609 1571 723 1621 fieri
764 1569 1047 1620 solemnius
1089 1572 1284 1636 posset,
1321 1583 1626 1636 supremum
1668 1565 1925 1619 Nostrum
1951 1567 2226 1637 judicium
2261 1587 2378 1640 pro-

471 1657 737 1706 ferremus·
1592 1635 1614 1651 ⁹

611 1739 733 1790 Non
774 1738 1029 1790 mediocri
1072 1741 1212 1800 certe
1249 1736 1437 1788 solatio
1479 1735 1661 1788 affecti
1703 1737 1903 1789 fuimus
1945 1738 2040 1790 ubi
2077 1736 2380 1793 eorur‘ndem

469 1824 866 1876 Venerabilium
904 1823 1152 1874 Fratrum
1189 1822 1258 1872 ad
1293 1821 1403 1873 Nos
1432 1839 1678 1889 responsa
1701 1826 1975 1874 venerunt.
2047 1823 2190 1875 Nam
2212 1824 2380 1878 iidem

469 1909 770 1960 incredibili
794 1909 1026 1976 quadam
1055 1908 1417 1976 jucunditate,
1442 1907 1671 1970 laetitia,
1696 1923 1759 1958 ae
1796 1907 1972 1959 studio
2008 1907 2176 1962 Nobis
2202 1912 2381 1963 rescri-

469 2003 650 2053 bentes
693 2017 800 2051 non
846 1999 1016 2050 solum
1049 1998 1368 2067 singularem
1403 2013 1571 2060 suam,
1609 1999 1665 2048 et
1700 1998 1898 2065 proprii
1935 1997 2191 2066 cujusque
2226 1998 2380 2066 Cleri,

469 2085 760 2154 populique
795 2084 968 2135 fidelis
1005 2101 1127 2153 erga
1165 2082 1582 2134 Immaculatum
1610 2081 1959 2134 Beatissimae
1982 2083 2220 2153 Virginis
2247 2083 2382 2138 Con-

471 2174 688 2238 ceptum
725 2170 1003 2236 pietatem,
1028 2172 1367 2235 mentemque
1392 2168 1564 2219 denuo
1590 2167 1985 2231 confirmarunt,
2009 2185 2193 2220 verum
2218 2171 2382 2222 etiam

472 2255 742 2306 communi
791 2253 958 2304 veluti
1001 2257 1125 2303 voto
1168 2269 1200 2303 a
1241 2252 1407 2303 Nobis
1450 2251 1871 2319 expostularunt,
1912 2257 1977 2303 ut
2026 2252 2383 2306 Immaculata

469 2341 636 2407 ipsius
661 2338 897 2407 Virginis
924 2336 1214 2405 Conceptio
1240 2354 1482 2404 supremo
1519 2337 1711 2388 Nostro
1739 2337 1948 2404 judicio
1972 2340 2030 2388 et
2062 2340 2382 2392 auctoritate

472 2423 794 2475 definiretur.
884 2421 936 2472 N
937 2439 995 2472 ec
1037 2423 1232 2472 minori
1275 2425 1414 2472 certe
1457 2421 1675 2471 interim
1718 2420 1916 2490 gaudio
1951 2421 2149 2489 perfusi
2186 2440 2383 2488 sumus,

474 2525 598 2560 cum
622 2507 736 2558 VV.
762 2506 874 2557 FF.
899 2505 1022 2556 NN.
1051 2505 1103 2557 S.
1125 2505 1190 2557 R.
1212 2506 1275 2557 E.
1304 2504 1605 2557 Cardinales
1630 2509 2068 2556 commemoratae
2101 2507 2381 2573 peculiaris

477 2591 926 2660 Congregationis,
953 2594 1009 2641 et
1045 2590 1304 2658 praedicti
1342 2589 1580 2658 theologi
1617 2589 1937 2640 consultores
1967 2606 1999 2639 a
2035 2589 2201 2642 Nobis
2225 2591 2382 2643 electi

473 2678 588 2746 pari
625 2676 901 2727 alacritate
925 2679 979 2726 et
1015 2675 1190 2725 studio
1215 2678 1336 2741 post
1361 2691 1580 2725 examen
1607 2674 1893 2743 diligenter
1916 2674 2222 2726 adhibitum
2245 2674 2381 2728 hanc

475 2763 542 2813 de
591 2759 944 2810 Immaculata
1003 2758 1263 2826 Deiparae
1314 2756 1670 2826 Conceptione
1718 2757 2088 2810 definitionem
2134 2775 2169 2811 a
2215 2759 2382 2812 Nobis

478 2843 906 2913 efflagitaverint.

619 2929 749 2979 Post
784 2928 913 2977 haec
947 2926 1244 2978 illustribus
1287 2926 1749 2980 Praedecessorum
1791 2927 2103 2981 Nostrorum
2139 2930 2383 2999 vestigiis

476 3015 824 3074 inhaerenteS‚
849 3028 911 3061 ac
947 3012 1050 3061 rite
1085 3015 1329 3078 recteque
1364 3013 1671 3078 praecedere
1707 3016 1970 3080 optanteS‚
1995 3013 2292 3065 indiximus
2327 3019 2383 3065 et

478 3098 761 3149 habuimus
811 3096 1197 3158 consistorium,
1247 3097 1306 3146 in
1354 3113 1459 3163 quo
1507 3097 1842 3149 Venerabiles
1903 3098 2113 3150 Fratres
2165 3098 2383 3152 Nostros

482 3183 705 3234 Sanctae
749 3180 1016 3230 Romanae
1059 3179 1323 3230 Ecclesiae
1362 3179 1663 3232 Cardinales
1701 3182 1920 3234 allocuti
1957 3199 2157 3246 sumus,
2194 3200 2383 3251 eosque

482 3279 687 3314 summa
723 3262 890 3312 animi
926 3261 1107 3312 Nostri
1138 3261 1492 3312 consolatione
1517 3263 1821 3314 audivimus
1846 3281 1878 3313 a
1902 3264 2070 3315 Nobis
2094 3281 2383 3331 exposcere,

479 3352 544 3398 ut
583 3347 941 3414 dogmaticam
978 3346 1043 3396 de
1081 3345 1433 3396 Immaculata
1469 3346 1724 3414 Deiparae
1760 3348 1999 3417 Virginis
2028 3348 2384 3417 Conceptione

485 3431 852 3483 definitionem
876 3430 1122 3480 emittere
1145 3430 1417 3481 vellemus·

627 3515 818 3581 Itaque
859 3514 1151 3581 plurimum
1195 3514 1253 3563 in
1289 3513 1518 3565 Domino
1554 3515 1738 3565 confisi
1775 3515 2046 3567 advenisse
2084 3521 2385 3585 temporum

484 3600 937 3666 opportunitatem
986 3614 1080 3664 pro
1130 3597 1483 3649 Immaculata
1527 3597 1904 3653 Sanctissimae
1950 3599 2053 3651 Dei
2099 3600 2385 3654 Genitricis

410 3672 416 3678 ’
484 3683 720 3752 Virginis
759 3682 960 3733 Mariae
1001 3681 1352 3748 Conceptione
1394 3682 1708 3746 definienda,
1744 3700 1905 3751 quam
1943 3685 2125 3735 divina
2162 3686 2384 3754 eloquia,
