2514 4504
880 523 1127 569 APPEND.
1162 521 1302 582 xm,
1333 522 1423 566 xv.
2011 507 2087 568 67

1073 752 1222 803 XIV.

387 913 488 968 DE
538 908 1044 965 ABSOLUTIONE
1093 907 1186 958 AB
1237 907 1905 974 IRREGULARITATE,

479 1051 552 1090 AB
575 1049 781 1089 ALIENO
804 1045 1061 1088 EPISCOPO
1085 1044 1408 1085 ORDINANTE
1431 1045 1826 1088 IMPERTIENDA.

199 1175 516 1229 Beatissime
541 1176 718 1238 Pater,

343 1260 479 1313 Cum
518 1261 577 1311 in
615 1257 839 1311 formula
878 1255 1106 1309 secunda
1139 1272 1275 1326 quae
1309 1255 1587 1324 Episcopis
1620 1256 1847 1327 Angliae
1886 1257 2102 1309 concedi

198 1346 350 1410 solet,
375 1349 643 1397 statuatur
666 1343 876 1395 nullum
901 1343 1227 1411 Episcopum
1252 1358 1401 1410 posse
1426 1342 1770 1393 facultatibus
1789 1344 1847 1394 in
1873 1360 1934 1394 ea
1963 1343 2103 1395 datis

198 1433 284 1483 uti
318 1435 464 1483 extra
512 1430 643 1481 fines
686 1445 809 1481 suae
851 1428 1158 1491 dioeceseos»,
1192 1444 1418 1495 cumque
1462 1444 1833 1495 saepenumero
1876 1429 2102 1491 accidat,

199 1516 339 1586 quod
363 1533 500 1567 unus
526 1515 817 1583 Episcopus
850 1514 1204 1565 ordinationes
1237 1513 1428 1564 habere
1454 1513 1646 1564 debeat
1675 1531 1769 1581 pro
1809 1513 2101 1565 Seminario

200 1602 438 1671 pluribus
456 1600 779 1652 dioecesibus
798 1599 1085 1662 communi,
1097 1597 1531 1666 Archiepiscopus
1548 1602 1604 1649 et
1614 1599 1864 1666 Episcopi
1876 1598 2101 1650 Concilii

201 1686 536 1757 provincialis
561 1685 783 1755 Angliae
812 1688 1024 1752 petunt,
1050 1688 1114 1734 ut
1140 1684 1430 1751 Episcopus
1455 1684 1700 1735 ordinans
1726 1685 1810 1735 vel
1839 1685 1897 1735 in
1932 1683 2103 1736 Semi-

201 1773 367 1835 nari0‚
391 1772 475 1823 vel
497 1775 660 1834 extra,
684 1770 849 1839 possit
881 1770 947 1820 de
971 1785 1224 1821 consensu
1259 1767 1523 1820 Ordinarii
1548 1769 1803 1838 cujusque
1834 1788 1898 1822 ex
1923 1771 2103 1822 candi-

203 1858 360 1920 datis,
384 1858 522 1925 ipsos
546 1855 807 1907 absolvere
832 1855 899 1905 ab
923 1854 1310 1924 irregularitate
1334 1871 1441 1921 qua
1466 1855 1599 1906 forte
1623 1855 1878 1924 ligantur,
1898 1860 2101 1908 servato

203 1943 539 2010 caeteroquin
564 1947 743 1993 tenore
768 1941 1003 2009 ejusdem
1030 1940 1283 1992 formulae
1309 1941 1584 1993 secundae.

346 2029 427 2079 Ex
451 2028 721 2079 audientia
747 2026 1078 2078 Sanctissimi
1104 2027 1287 2078 habita
1313 2027 1400 2078 die
1431 2029 1494 2078 13
1520 2028 1725 2092 Martii,
1758 2031 1910 2082 1853.

346 2112 717 2165 Sanctissimus
741 2112 1001 2163 Dominus
1025 2111 1216 2163 Noster
1239 2113 1386 2176 Pius,
1412 2113 1594 2164 divina
1626 2116 1960 2182 providentia
1990 2116 2099 2167 ΡΡ.

203 2198 303 2261 ΙΧ,
326 2198 580 2249 referente
618 2215 704 2249 me
740 2198 1076 2266 infrascripto
1108 2197 1161 2250 S.
1190 2196 1625 2268 congregationis
1663 2201 1727 2251 de
1753 2201 2099 2271 Propaganda

202 2282 335 2334 Fide
373 2284 663 2347 secretario,
698 2283 859 2352 juxta
898 2284 1011 2335 EE.
1056 2284 1163 2336 ΡΡ.
1212 2286 1533 2336 sententiam
1570 2285 1799 2355 benigne
1846 2288 2098 2355 petitioni

200 2367 408 2429 annuit,
433 2368 705 2418 contrariis
729 2367 1150 2434 quibuscumque
1174 2368 1317 2419 haud
1341 2367 1689 2419 obstantibuS.

341 2450 449 2502 Dat
472 2450 671 2502 Romae
696 2468 759 2502 ex
778 2451 907 2503 Aed.
928 2452 1031 2504 dic.
1052 2451 1106 2505 S.
1128 2450 1561 2522 Congregationis
1576 2453 1662 2504 die
1684 2456 1747 2504 14
1762 2454 1918 2518 Maii,
1943 2457 2095 2508 1853.

1307 2560 1391 2612 Al.
1418 2559 1696 2624 BARNABo‚
1733 2577 1770 2613 a
1793 2560 2024 2615 secretus.

483 2625 547 2679 L.
572 2625 625 2679 ›1‹
648 2626 706 2680 S.

1086 2914 1205 2965 XV.

413 3066 511 3119 DE
561 3064 1188 3119 ORDINATIONIBUS
1237 3066 1481 3120 EXTRA
1530 3069 1892 3125 TEMPORA.

723 3212 848 3252 ΠΕΟ.
874 3212 918 3253 S.
946 3211 1107 3252 CONG.
1133 3212 1207 3251 DE
1242 3212 1395 3254 PROP.
1422 3214 1569 3256 FIDE.

342 3356 808 3408 Eminentissimus
846 3372 907 3406 ac
932 3354 1412 3409 Reverendissimus
1436 3358 1502 3410 D.
1531 3358 1821 3414 Cardinalis
1846 3364 2095 3419 Nicolaus

204 3444 467 3494 Wiseman
505 3441 937 3509 Archiepiscopus
971 3442 1555 3508 WestmonasteriensiS,
1581 3463 1641 3496 ac
1682 3447 1794 3498 RR.
1836 3449 1943 3501 ΡΡ.
1978 3451 2093 3504 DD.

201 3528 450 3597 Episcopi
488 3527 730 3596 Angliae‚
771 3526 1136 3596 significarunt
1179 3528 1340 3579 dubia
1388 3530 1672 3597 aliquando
1713 3534 1918 3597 exoriri,
1957 3537 2093 3590 circa

200 3613 511 3665 facultatem
560 3613 1024 3663 extraordinariam
1067 3629 1201 3679 quae
1240 3613 1298 3664 in
1346 3614 1570 3666 formula
1618 3617 1806 3668 iisdem
1856 3637 2095 3674 concessa

200 3715 416 3749 numero
451 3698 621 3765 primo
654 3699 974 3760 continetur,
998 3714 1091 3765 pro
1128 3698 1545 3751 ordinationibus
1584 3706 1729 3752 extra
1767 3708 2003 3772 tempora
2037 3709 2092 3758 in

195 3782 315 3852 jure
353 3783 601 3834 canonico
643 3782 920 3850 praefinita
961 3783 1275 3846 exercendiS‚
1312 3799 1434 3834 cum
1478 3784 1535 3835 in
1579 3786 1773 3856 Anglia
1816 3792 2094 3845 seminaria
