2514 4504
957 450 1238 495 DECRETA.
1930 434 2051 499 173

286 604 334 656 Ι.
379 602 438 655 Si
490 600 751 655 Catholici
792 600 1108 654 contermini
1152 601 1230 652 ita
1274 600 1503 668 proximi
1548 599 1748 650 fuerint
1793 599 2060 650 Ecclesiae

144 689 358 742 alterius
383 687 706 750 Dioeceseos‚
732 692 795 739 ut
821 688 888 739 ad
914 687 1065 739 illam
1091 686 1362 738 confluant
1389 703 1482 754 pro
1510 684 1711 738 Officiis
1753 685 1965 736 Divinis
2005 690 2062 736 et

146 775 602 828 Sacramentorum
646 774 1089 841 frequentatione,
1129 772 1284 840 eique
1324 772 1678 841 eleemosynas
1720 788 1838 822 suas
1870 770 2061 839 elargi-

147 864 320 923 antur,
364 859 612 910 censendi
657 862 782 909 sunt
826 858 1003 909 eidem
1046 857 1217 908 veluti
1261 857 1533 925 adscripti,
1577 858 1942 908 consentiente
1970 874 2063 909 suo

149 945 441 1009 Ordinario,
475 944 568 1012 qui
610 943 881 996 Sacerdoti
920 943 1068 995 illius
1110 943 1383 995 Missionis
1422 943 1735 994 necessarias
1778 942 2063 995 facultates

146 1031 499 1099 impertietur.
575 1030 686 1082 Iste
730 1034 860 1081 tunc
905 1029 1188 1081 habebitur
1227 1045 1321 1097 pro
1365 1045 1545 1080 eorum
1585 1028 1939 1092 Missionario,
1969 1030 2064 1097 qui

147 1121 359 1169 tenetur
401 1133 487 1168 eos
527 1117 742 1168 visitare
768 1119 824 1167 et
848 1115 1124 1179 instruere,
1150 1132 1211 1166 ac
1236 1116 1464 1184 aegrotis
1490 1115 1766 1178 assistere3
1803 1115 1883 1167 ita
1908 1118 1973 1168 ut
1997 1116 2065 1167 de

148 1204 380 1272 ipsorum
406 1202 577 1253 salute
602 1202 926 1254 conscientia
951 1219 1046 1254 sua
1071 1205 1332 1254 oneretur.

436 1289 630 1356 Itaque

296 1382 344 1434 1.
396 1382 648 1451 Episcopi
674 1381 905 1435 confines
930 1383 1134 1451 aliquos
1159 1382 1406 1435 definitos
1437 1381 1643 1435 limites
1685 1381 1754 1435 de
1793 1385 2067 1436 communi

150 1485 402 1521 consensu
444 1469 571 1520 huic
604 1470 1114 1522 extra-dioecesanae
1153 1469 1452 1521 animarum
1495 1485 1650 1521 curae
1692 1471 2067 1538 praescribent,

150 1555 291 1606 int-ra
315 1571 445 1622 quos
471 1554 607 1605 dicti
633 1556 914 1607 sacerdotis
939 1555 1298 1606 ministerium
1324 1554 1551 1606 exerceri
1576 1554 1753 1607 debet.

295 1646 346 1694 2.
398 1642 660 1696 Catholici
703 1645 845 1696 intra
887 1645 982 1697 hos
1025 1644 1275 1696 terminos
1318 1644 1572 1713 degentes
1614 1646 1968 1699 inscribentur
2010 1647 2068 1698 in

150 1728 284 1781 libro
328 1733 500 1781 status
539 1731 838 1782 animarum
879 1730 1149 1783 Ecclesiae
1192 1731 1280 1781 cui
1326 1731 1401 1782 sic
1444 1731 1775 1785 addicentur.
1868 1731 2069 1785 Eorum

151 1814 493 1884 baptismata,
518 1816 861 1868 matrimonia
886 1820 939 1868 et
967 1816 1205 1868 decessus
1231 1816 1290 1866 in
1314 1815 1462 1867 libris
1487 1818 1795 1885 respectivis
1830 1819 2070 1887 ejusdem

152 1901 255 1952 loci
276 1902 647 1966 inscribentur,
672 1904 915 1971 apposito
940 1903 1157 1954 nomine
1182 1902 1507 1966 DioeceseOS,
1534 1919 1638 1970 quo
1682 1907 1891 1956 constet
1929 1905 2071 1972 ipsos

152 1986 456 2039 Dioeceseos
482 1988 689 2039 vicinae
715 1988 954 2040 subditos
974 1989 1151 2051 fuisse,
1169 1988 1216 2039 si
1238 1987 1526 2055 aliquando
1553 1989 1688 2040 forte
1703 1989 1772 2041 ab
1791 1988 2071 2042 Ordinatio

154 2071 284 2124 fides
309 2089 373 2125 ex
396 2073 471 2124 eis
496 2076 763 2125 extractae
789 2072 1136 2126 verificandae
1168 2073 1384 2124 fuerint.

300 2164 350 2213 3.
401 2162 506 2215 Sed
548 2163 760 2215 indulta
803 2163 1282 2233 quadragesimalia
1331 2167 1387 2214 et
1430 2162 1536 2215 alia
1576 2180 1712 2232 quae
1755 2165 1956 2218 directe
2003 2167 2073 2218 ab

157 2248 434 2301 Ordinario
459 2249 762 2318 dependent
787 2249 871 2302 vel
896 2250 1232 2317 proveniunt,
1257 2249 1363 2317 ipsi
1402 2249 1471 2301 ab
1511 2267 1572 2301 eo
1614 2251 1876 2319 recipient
1915 2255 1973 2304 et
2011 2269 2073 2304 ea

158 2335 508 2386 observabunt
529 2355 542 2388 ε
580 2351 716 2403 quae
750 2336 930 2387 omnia
956 2334 1206 2388 Sacerdos
1230 2337 1323 2403 qui
1348 2353 1529 2388 eorum
1554 2354 1734 2388 curam
1759 2337 1921 2389 habet
1945 2339 2073 2407 ipsis

156 2423 544 2473 communicare
593 2422 881 2474 tenebitur.
982 2421 1057 2473 Et
1100 2422 1176 2473 sic
1214 2422 1413 2489 pariter
1468 2423 1672 2475 moneri
1734 2423 1947 2488 debent,
2009 2428 2074 2475 ut

158 2506 390 2558 collectis
415 2506 748 2559 Dioecesanis
773 2524 866 2575 pro
893 2508 1001 2560 suis
1020 2506 1220 2559 viribus
1246 2507 1606 2573 contribuant,
1624 2508 1731 2561 nisi
1756 2509 1911 2561 aliter
1934 2511 2075 2561 inter

159 2610 214 2645 se
239 2593 581 2645 convenerint
605 2593 875 2661 Episcopi.

302 2687 380 2738 ΙΙ.
432 2685 490 2738 Si
514 2703 635 2738 vero
659 2686 873 2755 longius
898 2691 1288 2739 commorentur
1311 2687 1380 2740 ab
1403 2691 1630 2756 utraque
1649 2688 1888 2740 Ecclesia
1911 2706 2074 2758 quam

159 2777 222 2825 ut
245 2773 449 2841 possint
474 2772 558 2823 vel
583 2772 679 2824 uni
705 2772 790 2823 vel
822 2772 977 2824 alteri
1019 2773 1408 2825 rationabiliter
1433 2775 1660 2839 ascribi,
1699 2792 1871 2843 neque
1910 2792 2073 2827 unam

158 2875 330 2926 neque
368 2857 590 2908 alteram
631 2857 960 2925 frequentare
1003 2859 1278 2910 commode
1303 2859 1526 2926 possint,
1553 2863 1684 2911 tunc
1712 2861 1965 2929 Episcopi
1990 2861 2073 2911 illi

161 2942 431 2995 Sacerdoti
457 2959 542 2994 eos
567 2943 866 2994 attribuent
891 2944 1159 2995 communi
1189 2944 1410 2995 consilio
1436 2945 1526 2996 cui
1566 2945 1759 2997 melius
1785 2950 1840 2998 et
1865 2946 2074 2997 facilius

161 3033 431 3098 competat
455 3029 662 3080 illoram
688 3046 832 3093 cura,
856 3030 1042 3081 habita
1066 3030 1305 3090 ratione3

309 3115 357 3168 1.
408 3116 636 3168 Coeteris
679 3117 911 3185 paribus,
956 3117 1246 3168 distantiae
1288 3117 1540 3170 relativae
1589 3118 1694 3170 loci
1742 3120 1811 3171 ab
1851 3124 2075 3189 utroque

162 3203 511 3266 MissionariO,
551 3203 712 3271 juxta
759 3203 999 3271 regulam
1054 3204 1114 3254 in
1165 3202 1375 3272 Synodo
1425 3204 1470 3256 I.
1522 3205 2073 3259 westmonasteriensi

165 3289 532 3340 constitutam.
608 3286 762 3358 (Cap.
789 3288 903 3340 xiii.
934 3287 1011 3357 5).

308 3390 358 3438 2.
410 3385 686 3439 Commodi
729 3404 821 3455 pro
861 3387 1072 3450 itinere,
1112 3387 1282 3439 veluti
1316 3387 1361 3438 si
1388 3404 1451 3439 ex
1476 3400 1585 3439 una
1609 3393 1759 3456 parte
1784 3391 1871 3441 via
1896 3391 2075 3456 ferrea,

166 3473 248 3525 vel
272 3472 549 3541 publicum
574 3472 716 3540 quod
741 3472 896 3540 ajunt
921 3472 1243 3536 vehiculum,
1269 3474 1336 3524 ad
1362 3473 1539 3524 locum
1564 3474 1630 3524 de
1656 3491 1761 3542 quo
1786 3477 1967 3543 agitur
1991 3477 2076 3528 vel

166 3559 278 3627 ejus
303 3558 551 3609 viciniem
577 3558 869 3626 pertingat,
894 3574 1017 3608 cum
1043 3559 1117 3609 sic
1152 3559 1395 3626 quamvis
1438 3559 1641 3628 longior
1683 3561 1756 3611 sit
1799 3561 2074 3626 distantia,

168 3644 322 3695 facile
349 3645 450 3695 erit
474 3644 683 3695 brevius
708 3645 827 3695 iter.

313 3744 362 3794 3.
411 3742 767 3806 ValetudiniS,
786 3743 977 3794 aetatis
1004 3746 1059 3794 et
1083 3743 1276 3795 roboris
1302 3744 1719 3813 uniuscujusque
1745 3742 2070 3799 Sacerdotis:
