2514 4504
424 376 546 439 402
1185 397 1428 440 Anm'mo
1469 398 1549 442 v1.

419 562 564 598 cessu
596 550 715 598 acta
747 547 924 599 minus
948 550 1090 599 recte
1114 551 1170 599 et
1199 551 1322 615 apte
1349 547 1417 598 ad
1455 547 1735 600 veritatem
1761 548 2043 600 emendam
2076 547 2320 601 conficie-

416 632 627 697 bantur,
653 632 706 686 S.
742 632 1092 702 Congregatio
1125 632 1333 700 saepius
1366 631 1741 684 instructiones
1771 631 1960 696 edidit,
1988 648 2050 683 ac
2082 647 2319 684 normam

416 723 725 791 praecripsit
749 739 910 791 quam
935 721 1189 790 Episcopi
1216 725 1573 789 sequerentur.

562 807 695 861 Cum
733 809 915 876 itaque
952 809 1011 859 in
1049 807 1356 875 hujusmodi
1395 807 1581 871 causiS,
1622 823 1730 859 non
1762 807 1827 859 de
1857 807 1977 876 jure
2016 806 2320 862 alterutrius

416 896 582 964 partis
605 898 837 958 tantum,
863 895 951 946 sed
976 894 1256 962 praecipue
1275 895 1341 945 de
1361 893 1742 945 Sacramentali
1761 894 1974 946 vinculo
1990 894 2321 948 dissolvendo

416 985 621 1049 agatur,
675 981 936 1048 processus
989 983 1109 1032 acta
1168 995 1275 1031 non
1336 979 1404 1030 ad
1464 981 1633 1031 instar
1693 980 1920 1031 aliorum
1971 979 2320 1048 judiciorum,

415 1066 723 1135 praesertim
761 1066 1020 1129 civilium,
1060 1065 1151 1117 sed
1181 1065 1344 1132 juxta
1372 1064 1467 1117 SS.
1510 1064 1761 1130 Canones,
1796 1069 1852 1117 et
1884 1066 2109 1117 citatam
2143 1065 2198 1118 S.
2224 1063 2317 1118 'M.

416 1153 691 1205 Benedict.
741 1151 892 1202 XIV.
930 1149 1401 1213 Constitutionem,
1450 1154 1506 1201 et
1547 1154 1879 1218 praesentem
1915 1151 2322 1203 instructionem

416 1242 569 1290 erunt-
592 1237 930 1289 efformanda.
1003 1234 1083 1286 Ea
1107 1235 1292 1304 itaque
1315 1251 1424 1287 non
1456 1235 1735 1288 vernaculo
1769 1236 1858 1288 sed
1889 1236 2060 1289 latino
2085 1253 2322 1289 sermone

416 1327 570 1377 erunt
628 1322 1015 1384 conscribenda,
1089 1321 1321 1389 exceptis
1393 1325 1575 1373 tamen
1647 1321 1993 1390 excipiendiS,
2065 1317 2321 1374 nimirum

416 1410 669 1474 articuIiS,
717 1407 1151 1477 interrogatoriiS,
1200 1407 1622 1475 responsionibus
1676 1408 1745 1459 a'd
1793 1425 1894 1472 ea,
1920 1411 1978 1460 et
2029 1408 2320 1476 peritorum

413 1497 786 1556 relationibus;
828 1493 1136 1563 praesertim
1174 1509 1295 1544 vero
1337 1493 1563 1557 decreta,
1596 1496 1653 1546 et
1686 1494 1968 1557 sententia,
1996 1510 2133 1562 quae
2157 1493 2318 1562 juxta

416 1584 609 1651 priscos
667 1597 835 1632 mores
895 1579 996 1630 erit
1062 1577 1402 1641 conficienda,
1470 1577 1640 1629 latina
1705 1577 1893 1648 lingua
1952 1580 2318 1632 exarabuntur.

416 1669 690 1720 Praeterea
725 1683 849 1718 cum
885 1682 917 1717 a
954 1664 1110 1717 Sacro
1148 1663 1304 1716 Cone.
1343 1663 1487 1714 Trid.
1526 1662 1672 1734 (sess,
1689 1666 1760 1715 24
1785 1681 1900 1732 cap.
1928 1666 1998 1715 20
2023 1665 2090 1715 de
2112 1664 2320 1729 reform,

420 1755 462 1823 ξ.
487 1755 554 1804 ad
593 1751 764 1821 haec),
797 1769 859 1803 ac
897 1752 1061 1802 etiam
1085 1767 1118 1814 a
1148 1748 1202 1815 S.
1228 1749 1306 1801 M.
1333 1749 1528 1800 Bened.
1554 1749 1704 1801 XIV.
1732 1748 1816 1818 (in
1841 1751 1934 1803 cit.
1962 1749 2188 1802 Constit.
2211 1749 2319 1804 Dei

418 1841 483 1892 M
482 1838 777 1892 iseratione
804 1839 827 1906 ξ
862 1837 919 1907 4)
966 1853 1238 1887 causarum
1267 1835 1745 1886 matrimonialium
1778 1836 2014 1905 cognitio
2047 1837 2320 1905 quibusvis

413 1927 688 1996 judicibus
725 1924 1077 1986 inferioribuS,
1114 1939 1221 1973 non
1257 1922 1502 1974 obstante
1543 1922 1727 1989 quovis
1769 1922 2048 1992 privilegio
2081 1940 2142 1974 ac
2175 1941 2323 1992 prae-

421 2012 720 2080 scriptione,
758 2009 919 2061 fuerit
955 2008 1181 2071 sublata,
1223 2024 1285 2058 ac
1324 2006 1706 2074 Episcoporum
1743 2010 1959 2059 tantum
1998 2010 2231 2061 examini
2266 2015 2323 2063 et

414 2095 774 2166 jurisdictioni
812 2097 1086 2158 reservata,
1127 2093 1292 2145 etiam
1316 2109 1438 2160 prae
1462 2092 1759 2143 Abbatibus
1795 2110 1912 2144 vere
1941 2094 2163 2159 nullius,
2192 2095 2337 2167 licet·

421 2180 769 2235 cardinalitia
827 2180 1094 2249 dignitate
1155 2177 1502 2247 fulgentibuS,
1549 2176 1712 2245 juxta
1767 2176 1821 2230 S.
1887 2176 2322 2249 congregationis

419 2269 776 2331 resolutioneS,
799 2265 925 2317 hinc
949 2266 1122 2317 tutius
1147 2264 1266 2328 erit,
1289 2267 1355 2316 ut
1385 2263 1584 2315 nedum
1610 2265 1875 2316 sententia
1897 2265 2206 2332 proferatur,
2231 2268 2321 2320 sed

421 2356 587 2407 etiam
632 2356 753 2404 acta
799 2351 1062 2421 processus
1109 2367 1202 2419 per
1249 2349 1593 2418 Episcopum,
1634 2349 1719 2400 vel
1760 2366 1853 2417 per
1895 2349 2321 2406 Ecclesiasticam

419 2456 694 2510 personam
717 2437 1015 2507 specialiter
1037 2437 1105 2488 ab
1129 2453 1189 2488 eo
1214 2434 1563 2503 delegandam
1587 2434 1949 2487 conficiantur.

565 2525 728 2576 Hisce
759 2522 1074 2591 praemissiS,
1106 2521 1312 2588 quoties
1341 2520 1535 2588 aliquis
1565 2535 1629 2570 ex
1661 2519 1975 2588 conjugibus
2006 2521 2322 2576 instantiam

398 2608 482 2664 ¹in
505 2610 714 2678 scriptis
737 2608 970 2677 porriget
1001 2624 1155 2675 super
1185 2606 1439 2657 nullitate
1466 2605 1820 2669 Matrimonii,
1846 2605 2140 2675 Episcopus
2165 2607 2322 2661 Judi-

422 2715 555 2759 cem,
589 2696 634 2748 si
657 2694 808 2757 velit,
839 2692 1125 2762 delegabit,
1162 2691 1353 2743 deinde
1388 2691 1519 2759 ipse,
1542 2690 1638 2742 'vel
1665 2690 1836 2758 judex
1859 2691 2135 2762 delegatus
2164 2694 2318 2748 citari

421 2782 698 2835 mandabit
719 2779 1056 2831 Defensorem
1080 2777 1433 2841 Matrimonii,
1457 2780 1720 2845 quatenus
1743 2778 1804 2829 in
1826 2775 1988 2830 'Curia
2013 2779 2316 2849 Episcopali

417 2869 533 2938 jam
556 2864 842 2935 deputatus
872 2864 1083 2927 existat,
1118 2864 1199 2914 sin
1231 2865 1428 2926 minuS,
1452 2863 1705 2914 idoneum
1737 2863 1912 2914 virum
1949 2864 2227 2932 deputabit
2252 2867 2321 2919 iis

422 2953 771 3024 qualitatibus
793 2953 1167 3019 praestantem,
1202 2965 1331 3016 quas
1364 2949 1601 3016 superius
1633 2952 1925 3001 memorata
1950 2947 2239 3003 Constitut.
2264 2951 2319 3004 S.

422 3042 501 3093 M.
535 3038 813 3090 Benedicti
849 3035 998 3086 XIV.
1031 3036 1270 3102 requirit,
1300 3051 1527 3102 eumque
1563 3034 1719 3086 citari
1755 3034 2048 3088 mandabit.
2122 3035 2317 3088 Defen-

426 3128 551 3180 soris
574 3123 908 3175 Matrimonii
930 3122 1050 3184 erit,
1074 3115 1415 3188 praefixa'die
1429 3120 1681 3172 accedere
1697 3120 1765 3171 ad
1782 3121 2157 3188 praestandum
2173 3122 2320 3190 jura-

422 3216 682 3274 mentum,
706 3221 976 3261 se‘munus
1001 3224 1156 3258 suum
1179 3206 1463 3275 diligenter
1485 3209 1541 3257 et
1564 3208 1864 3274 incorrupte
1889 3207 2240 3274 expleturum,
2265 3213 2322 3260 et

425 3299 603 3351 omnia
626 3313 752 3348 voce
776 3311 836 3345 ac
862 3294 1069 3360 scriptis
1106 3293 1476 3355 deducturum,
1510 3308 1645 3359 quae
1670 3292 1739 3342 ad
1763 3292 2102 3343 validitatem
2128 3292 2318 3345 Matri-

425 3385 592 3437 monii
628 3379 989 3432 sustinendam
1023 3378 1253 3428 conferre
1284 3380 1551 3444 poterunt.
1637 3376 1912 3427 Praeterea
1944 3375 2032 3427 hic
2067 3377 2318 3431 Defensor

407 3465 759 3521 'Matrimonii
796 3463 1038 3514 citandus
1072 3463 1172 3512 erit
1203 3461 1271 3512 ad
1308 3461 1578 3529 quaelibet
1610 3465 1746 3525 acta,
1781 3478 1849 3512 ne
1881 3462 2015 3512 vitio
2050 3462 2318 3516 nullitatis

426 3556 542 3623 ipsa
565 3552 851 3603 tabescent.
925 3548 1054 3616 Ipsi,
1079 3547 1174 3615 qui
1196 3564 1289 3614 pro
1315 3546 1642 3598 Sacramenti
1665 3547 1944 3597 validitate
1969 3550 2094 3611 stat,
2119 3564 2320 3617 semper

407 3642 484 3692 ‘et
517 3637 955 3710 quandocumque
987 3636 1107 3684 acta
1134 3632 1415 3701 processus»,
1453 3633 1554 3684 etsi
1587 3632 1825 3684 nondum
1854 3632 2133 3703 publicati,
2166 3640 2319 3690 erunt
