2514 4504
973 490 1249 533 osonum.
1936 473 2058 535 235

167 639 469 692 simillimus
493 639 604 690 Deo
629 637 926 690 evaserit.''¹
1021 641 1054 668 “
1076 638 1167 688 Illi
1192 643 1372 690 autem
1398 640 1490 707 qui
1528 640 1725 690 divinis
1761 641 2068 691 ministeriis

165 725 516 794 applicantur,
547 724 914 792 adipiscuntur
948 724 1151 791 regiam
1187 724 1510 793 dignitatem
1549 729 1602 775 et
1641 726 1859 792 perfecti
1885 726 1940 776 in
1968 727 2069 776 vir-

166 814 283 862 tute
308 826 417 861 esse
441 807 683 860 debent.”
698 808 719 840 ²
799 806 887 859 Ita
912 808 1076 859 etiam
1102 808 1170 859 ab
1193 808 1430 860 Ecclesia
1469 808 1741 861 Catholica
1766 812 1823 861 in
1849 811 2069 861 solemni

166 895 276 947 ritu
323 899 379 946 et
427 895 484 945 in
531 895 646 963 ipso
695 893 973 945 sacerdotii
1017 894 1318 945 conferendi
1359 899 1485 945 actu
1527 895 1821 946 edocemur.
1918 895 2071 946 Sicut

167 982 310 1033 enim
345 981 520 1050 Moysi
556 981 828 1049 praecepit
862 980 1006 1031 Deus
1055 984 1168 1031 “ut
1193 981 1533 1050 septuaginta
1570 982 1705 1032 viros
1739 982 1805 1033 de
1830 983 2071 1033 universo

167 1067 327 1119 Israel
374 1067 434 1119 in
481 1067 806 1135 adjutorium
857 1084 1011 1118 suum
1067 1066 1303 1136 eligeret,
1352 1067 1545 1134 quibus
1602 1067 1832 1135 Spiritus
1889 1068 2071 1120 Sancti

167 1153 304 1204 dona
340 1151 646 1216 divideret,”
682 1153 764 1203 ita
799 1151 1057 1204 Dominus
1092 1150 1128 1203 J
1131 1169 1247 1203 esus
1284 1152 1500 1203 secundi
1525 1154 1722 1203 ordinis
1746 1154 1911 1220 elegit
1935 1171 2074 1221 pres-

166 1238 371 1307 byteros
428 1238 488 1289 in
548 1237 875 1306 adjutorium
935 1237 1325 1305 Apostolorum,
1383 1238 1764 1305 Episcoporum
1827 1239 2075 1289 videlicet

168 1322 575 1387 Catholicorum,
599 1327 664 1375 ut
688 1323 981 1374 Ecclesiam
1009 1341 1159 1374 suam
1197 1328 1230 1354 “
1247 1324 1400 1374 verbo
1435 1324 1595 1374 simul
1621 1330 1675 1374 et
1700 1324 1841 1375 facto
1867 1325 2075 1375 doceret

166 1408 435 1460 ministros
483 1409 751 1462 Ecclesiae
799 1425 923 1460 suae
969 1409 1075 1460 fide
1122 1414 1175 1460 et
1226 1427 1380 1478 opere
1422 1410 1609 1470 debere
1651 1427 1758 1460 esse
1801 1411 2075 1478 perfectos,

168 1510 260 1546 seu
299 1494 544 1563 geminae
585 1492 907 1559 dilectionis,
940 1494 1043 1546 Dei
1081 1495 1286 1547 scilicet
1325 1499 1381 1547 et
1423 1495 1669 1564 proximi,
1713 1496 1912 1546 virtute
1956 1496 2077 1546 fun-

167 1577 394 1631 datoS.”⁸
480 1578 655 1630 Electi
690 1582 835 1631 enim
873 1585 998 1632 sunt
1033 1598 1066 1631 a
1101 1580 1231 1644 Dec,
1255 1585 1320 1632 ut
1355 1582 1571 1633 coelesti
1597 1583 1875 1650 sapientia,
1900 1582 2076 1650 probis

166 1663 416 1728 moribuS,
450 1668 509 1716 et
548 1665 803 1717 diuturna
836 1666 1086 1734 justitiae
1127 1667 1458 1718 observantia
1506 1669 1883 1731 commendati,
1932 1671 1965 1698 ‘⁶
1985 1685 2077 1734 per

168 1748 430 1817 Spiritum
472 1751 834 1818 septiformem
877 1751 1191 1820 decalogum
1233 1753 1368 1821 legis
1412 1754 1787 1816 custodienteS‚
1827 1754 1976 1822 probi
2021 1758 2077 1804 et

166 1837 365 1889 maturi
388 1837 447 1890 in
472 1839 694 1890 scientia
709 1838 737 1862 '⁹
762 1839 872 1891 sint
898 1844 932 1870 “
947 1844 1003 1891 et
1028 1842 1086 1891 in
1110 1841 1312 1909 opere‚”
1333 1845 1389 1893 et
1412 1846 1476 1893 ut
1501 1842 1557 1892 in
1583 1842 1815 1892 moribus
1852 1846 1886 1871 ‘⁶
1902 1846 2077 1892 castae

169 1925 226 1974 et
248 1927 460 1975 sanctae
483 1926 626 1976 vitae
661 1925 1028 1994 integritatem
1044 1926 1072 1950 ’'
1109 1931 1333 1991 servent,
1366 1932 1423 1979 et
1459 1928 1665 1979 eluceat
1700 1929 1759 1978 in
1796 1928 1871 1978 eis
1910 1927 2077 1977 totius

169 2008 336 2061 forma
357 2008 639 2078 justitiae.4

312 2156 363 2206 2.
399 2153 751 2206 Meminerint
798 2171 922 2224 ergo
970 2155 1258 2206 sacerdotes
1305 2155 1363 2206 in
1410 2155 1487 2206 eis
1535 2155 1877 2207 sanctitatem
1932 2173 2078 2223 prae-

169 2241 412 2310 supponi.
474 2244 508 2271 “
524 2240 806 2291 Enimvero
824 2241 967 2308 quod
984 2241 1052 2292 ad
1071 2258 1238 2292 sacros
1256 2241 1461 2293 ordines
1481 2242 1836 2309 suscipiendos
1856 2243 2077 2292 minime

171 2326 398 2378 sufficiat
423 2326 647 2394 simplex
680 2326 854 2395 gratia
887 2325 1239 2389 sanctificans,
1265 2327 1355 2377 sed
1380 2326 1518 2377 ultra
1543 2327 1835 2394 requiratur
1859 2327 2078 2378 interior

169 2410 437 2480 perfecti0‚
477 2414 686 2463 constat
723 2428 786 2462 ex
826 2428 1080 2463 consensu
1122 2412 1397 2463 communi
1440 2411 1532 2463 SS.
1578 2412 1801 2463 Patrum
1846 2418 1898 2462 et
1942 2412 2078 2463 Doc-

169 2500 365 2561 torum,
399 2496 495 2565 qui
530 2513 638 2549 uno
662 2513 749 2548 ore
785 2496 936 2548 illam
969 2495 1345 2566 efflagitant.’‘⁶
1436 2496 1630 2548 Nullus
1655 2502 1836 2548 autem
1862 2499 2077 2549 omnino

172 2585 472 2635 sanctitatis
509 2584 704 2652 gradus
743 2583 1055 2635 sacerdotali
1091 2584 1401 2651 perfectioni
1439 2601 1698 2653 congruus
1736 2585 1803 2634 ab
1842 2584 2077 2634 Ecclesia

170 2668 287 2732 Dei,
327 2673 384 2721 et
421 2685 454 2720 a
492 2669 605 2721 Deo
644 2669 924 2721 sacerdotii
963 2668 1193 2720 Auctore
1224 2669 1576 2737 judicabitur,
1612 2670 1717 2719 nisi
1755 2670 1847 2736 qui
1892 2687 2078 2737 quam-

171 2755 293 2806 dam
320 2754 532 2807 Summi
557 2754 855 2807 Sacerdotis
879 2754 1100 2807 Domini
1124 2755 1291 2806 nostri
1318 2755 1352 2805 J
1355 2772 1444 2805 esu
1472 2754 1669 2806 Christi
1701 2772 1824 2822 prae
1859 2772 1911 2805 se
1947 2757 2077 2805 ferat

171 2839 597 2891 similitudinem.
694 2839 856 2891 Vitae
924 2839 1069 2890 enim
1129 2839 1166 2890 J
1168 2857 1260 2890 esu
1307 2840 1449 2890 inter
1498 2838 1808 2890 solitudines
1857 2858 2078 2907 pauper-

171 2926 405 2993 tatisque
464 2924 738 2995 angustias
797 2924 1104 2987 laborantiS‚
1166 2929 1222 2975 et·
1291 2924 1569 2975 hominum
1637 2926 2077 2976 contradictiones

170 3010 442 3078 patientis,
466 3010 589 3061 viva
612 3009 794 3078 imago
818 3009 876 3059 in
902 3012 1188 3077 conspectu
1219 3009 1409 3059 mundi
1446 3010 1792 3060 constituitur
1827 3012 2075 3061 sacerdos·

315 3158 365 3208 3.
404 3155 754 3218 Quamobrem
791 3155 1070 3207 sacerdotii
1125 3155 1360 3225 dignitas
1408 3173 1472 3205 ex
1521 3154 1724 3222 duplici
1774 3156 2077 3222 praesertim

172 3250 372 3301 ratione
420 3250 743 3301 desumenda
792 3254 890 3301 est.
996 3248 1301 3301 Sacerdotes
1350 3250 1495 3300 enim
1545 3253 1669 3299 sunt
1718 3249 1900 3299 dilecti
1950 3249 2077 3299 Jesu

173 3340 318 3402 socii,
361 3339 636 3407 Ipsiusque
683 3338 950 3390 missionis
998 3354 1031 3389 a
1078 3338 1239 3389 Patre
1286 3338 1441 3389 datae
1490 3342 1695 3405 partem
1743 3338 2077 3404 accipientes·

836 3513 848 3535 ¹
875 3509 936 3548 De
954 3509 1059 3548 Eccl.
1080 3507 1296 3547 Hierarch.
1320 3519 1356 3546 c.
1380 3508 1419 3546 5.

460 3574 476 3597 ²
502 3575 544 3614 S.
566 3574 717 3615 Thom.
739 3574 812 3614 lib.
834 3573 890 3614 iv.
913 3574 1029 3614 Sont.
1055 3575 1194 3624 Suppl.
1219 3575 1271 3612 acl
1288 3574 1335 3613 P.
1359 3574 1410 3612 B.
1438 3572 1591 3619 Quam.
1615 3570 1672 3610 xi.
1700 3571 1732 3622 ξ.
1758 3574 1791 3610 1.

461 3641 478 3663 ³
503 3644 617 3683 Pone.
639 3644 749 3683 Rom.
772 3641 838 3682 De
858 3641 958 3682 Ord.
983 3642 1176 3693 Presbyt.
1623 3638 1641 3659 ⁴¹
1665 3639 1788 3677 Idem.

820 3705 836 3729 ⁶
861 3706 903 3747 S.
927 3707 1109 3759 Alphon.
1134 3706 1208 3747 lib.
1233 3706 1287 3746 vi.
1309 3719 1351 3746 n.
1371 3706 1435 3747 37.
