2514 4504
425 427 504 489 72
1002 439 1163 485 conc.
1209 439 1381 483 psov.
1426 437 1647 480 wsss'ru.
1694 437 1737 480 1.

1283 638 1439 690 XXI.

883 771 982 824 DE
1032 766 1861 823 CONFRATERNITATIBUS

731 884 893 934 PER
957 884 1422 933 EPISCOPOS
1488 882 2014 934 ERIGENDIS.

561 1014 644 1067 Ex
667 1016 942 1067 audientia
968 1014 1302 1066 Sanctissimi
1326 1014 1511 1064 habita
1537 1014 1624 1065 die
1652 1015 1715 1064 31
1746 1013 1998 1084 Augusti,
2027 1017 2184 1070 1854.

566 1100 939 1154 Sanctissimus
964 1101 1225 1152 Dominus
1257 1100 1448 1151 Noster
1472 1100 1603 1151 Pius
1628 1101 1811 1152 divina
1848 1101 2184 1169 providentia
2218 1101 2329 1156 PP.

421 1187 523 1250 IX,
547 1187 802 1237 referente
826 1203 913 1236 me
945 1186 1278 1252 infrascripto
1317 1185 1370 1236 S.
1412 1183 1847 1254 Congregationis
1884 1186 1950 1237 de
1984 1186 2333 1258 Propaganda
2375 1222 2379 1226 -

420 1271 558 1324 Fide
583 1270 889 1334 Secoetario,
939 1271 1007 1322 ad
1055 1287 1231 1337 preces
1282 1270 1346 1322 R.
1389 1270 1451 1321 P.
1496 1270 1561 1321 D.
1604 1271 1838 1322 Thomae
1879 1271 2050 1324 Grant
2075 1272 2328 1342 Episcopi

424 1355 831 1408 Suthwarcensis
879 1354 1109 1423 benigne
1158 1356 1414 1405 concessit
1454 1355 1893 1408 Eminentissimo
1960 1374 2023 1408 ac
2073 1357 2334 1410 Reveren-

424 1441 639 1493 dissimo
663 1441 1067 1508 Archiepiscopo
1111 1440 1660 1492 Westmonasteriensi
1703 1459 1801 1493 nec
1843 1458 1949 1494 non
1990 1443 2236 1495 omnibus
2271 1459 2334 1495 ac

425 1526 647 1595 singulis
687 1524 802 1577 BR.
844 1526 953 1578 PP.
1004 1525 1120 1576 DD.
1161 1526 1436 1593 Episcopis
1474 1526 1818 1596 suffraganeis
1854 1528 2005 1597 regni
2030 1527 2333 1598 Anglicani,

425 1611 736 1663 facultatem
761 1611 829 1661 ad
853 1611 1280 1678 quinquennium
1305 1611 1541 1680 erigendi
1566 1613 1629 1662 in·
1661 1613 1788 1664 locis
1825 1613 2146 1681 respectivae
2174 1613 2338 1683 juris-

425 1696 674 1748 dictionis
698 1697 850 1764 pium
876 1695 1188 1746 exercitium
1213 1696 1347 1747 Viae
1375 1695 1552 1747 Crucis
1579 1702 1633 1748 et
1659 1715 1839 1749 omnes
1877 1698 2335 1751 confraternitates

425 1797 459 1833 a
484 1779 538 1833 S.
565 1779 700 1832 Sede
724 1781 1037 1849 approbatas
1062 1798 1185 1831 cum
1210 1784 1474 1848 potestate
1500 1782 1699 1851 eisdem
1733 1783 2028 1834 ascribendi
2060 1783 2337 1851 utriusque

427 1883 571 1918 sexes
617 1866 817 1929 fideleS‚
853 1883 915 1916 ac
951 1855 1297 1917 benedicendi
1342 1867 1634 1934 scapularia
1671 1872 1727 1919 et
1762 1868 1996 1936 insignia
2033 1868 2333 1920 earumdem

428 1952 920 2005 confraternitatum
944 1951 1168 2018 propria,
1206 1968 1328 2001 cum
1372 1952 1731 2019 applicatione
1774 1954 2015 2005 omnium
2056 1953 2340 2022 indulgen-

427 2039 626 2090 tiarum
651 2040 707 2088 et
730 2037 1125 2106 privilegiorum
1150 2053 1283 2103 quae
1308 2053 1339 2086 a
1366 2035 1458 2087 SS.
1498 2037 1849 2090 Pontificibus
1885 2041 2005 2089 tum
2041 2038 2340 2106 praefatum

430 2123 742 2176 exercitium
783 2122 917 2174 Viae
961 2120 1138 2173 Crucis
1187 2122 1578 2191 peragentibUS,
1627 2125 1747 2172 tum
1796 2122 2337 2188 confraternitatibus,

430 2208 803 2280 scapularibuS,
830 2212 950 2271 etc„
975 2207 1252 2274 impertita
1278 2212 1419 2259 sunt.

573 2295 697 2346 Dat.
725 2293 925 2345 Romae
950 2308 1015 2343 ex
1039 2293 1167 2343 Aed.
1193 2292 1323 2343 dict.
1350 2291 1405 2343 S.
1434 2290 1868 2362 Congregationis
1893 2294 1980 2345 die
2005 2297 2062 2346 et
2084 2309 2242 2359 anno,
2263 2295 2328 2345 ut

433 2397 603 2450 supra.

685 2463 870 2518 Gratis
895 2464 1007 2515 sine
1031 2463 1141 2514 ulla
1165 2464 1381 2514 omnino
1408 2463 1667 2515 solutione
1691 2465 1876 2531 quovis
1901 2463 2081 2516 titulo.

1506 2561 1575 2612 Al
1599 2561 1880 2626 BARNABo,
1905 2577 1944 2613 a
1965 2557 2197 2615 secretis.

579 2637 643 2690 L.
668 2634 721 2688 ›1‹
745 2633 802 2689 S.

1296 2817 1482 2870 XXII.

467 2954 568 3008 DE
615 2950 1260 3015 MISSIONARIORUM
1311 2950 1810 3003 REGULARIUM
1860 2946 2312 3001 REMOTIONE.

887 3081 1147 3122 EPISTOLA
1183 3082 1227 3121 S.
1267 3081 1429 3120 CONG.
1468 3081 1542 3119 DE
1578 3080 1716 3120 PROP
1751 3079 1900 3118 FIDE.

585 3206 1021 3260 Eminentissime
1057 3222 1118 3256 ac
1156 3204 1607 3256 Reverendissime
1631 3204 1861 3256 Domine
1896 3204 1974 3255 mi
1999 3201 2344 3255 observantis-

443 3296 594 3358 sime,

587 3379 667 3430 Ut
704 3377 989 3428 nonnullae
1024 3377 1294 3426 missiones
1319 3375 1532 3444 Anglici
1570 3375 1721 3443 regni
1755 3374 1987 3426 creditae
2019 3370 2346 3441 regularibus

443 3465 545 3516 rite
583 3464 1034 3523 administrentur,
1070 3463 1279 3510 attento
1321 3462 1486 3510 etiam
1530 3460 1672 3527 quod
1714 3460 1914 3510 ibidem
1952 3459 2095 3509 haud
2127 3455 2346 3524 plurimi

445 3552 748 3616 suppetant,
800 3547 853 3599 S.
905 3545 1254 3614 Congregatio
1304 3561 1427 3594 cum
1477 3561 1695 3595 examen
1746 3544 1945 3612 Synodi
2004 3540 2346 3611 provincialis

445 3637 730 3702 perageret,
739 3649 844 3683 non
863 3631 1020 3682 modo
1038 3629 1282 3697 probavit
1300 3633 1424 3680 vota
1442 3629 1824 3696 Episcoporum
1842 3628 2016 3695 quoad
2034 3626 2345 3678 methodum

446 3734 540 3787 pro
564 3733 689 3769 casu
711 3715 1019 3770 remotionis
1043 3731 1180 3785 quae
1204 3715 1412 3765 decreto
1436 3725 1621 3776 XXVII,
1638 3731 1691 3764 n.
1713 3716 1764 3776 2,
1789 3714 2145 3775 continentur,
2162 3726 2344 3773 verum
