2514 4504
441 409 525 472 80
1018 428 1177 472 coNc.
1223 430 1391 472 PRov.
1438 426 1659 472 wEer.
1705 427 1743 471 1.

363 618 367 623 .
429 575 1003 646 Nottinghamiensem,
1036 575 1393 637 Derbiensem‚
1429 574 1878 638 Leicestriensem,
1911 592 2009 627 nec
2042 592 2149 628 non
2172 578 2336 629 comi-

430 666 577 713 tatus
601 662 1024 712 Lincolniensem
1050 666 1106 712 et
1143 661 1581 723 Rutlandensem,
1606 677 1735 727 quos
1760 677 1792 710 a
1816 660 2065 711 districtu
2089 662 2335 714 orientali

431 764 762 815 separamus;
820 747 974 798 alteri
1013 764 1132 798 vero
1176 746 1626 809 Staffordiensem,
1667 745 2086 810 Warwicensem,
2127 747 2335 816 Wigor-

429 835 683 897 niensem,
720 837 776 884 et
810 832 1176 884 Oxoniensem.
1251 832 1489 882 Tandem
1518 831 1576 881 in
1609 831 1858 882 districtu
1892 832 2138 883 orientali
2175 833 2335 886 unica

428 918 530 969 erit
554 917 863 984 episcopalis
890 916 1066 980 SedeS,
1081 933 1214 982 quae
1233 933 1265 966 a
1284 915 1757 966 Northantoniensi
1776 916 1902 966 urbe
1920 917 2335 984 nuncupabitur,

428 1003 747 1070 habebitque
784 1019 878 1070 pro
916 1002 1141 1053 dioecesi
1181 1001 1483 1052 districtum
1530 1000 1721 1051 iisdem
1764 1001 1958 1069 quibus
2000 1002 2059 1053 in
2093 1019 2335 1070 praesens

428 1087 692 1139 limitibus
716 1086 1018 1150 definitum,
1045 1087 1277 1153 exceptis
1303 1089 1484 1136 tamen
1509 1085 1855 1137 comitatibus
1893 1085 2245 1139 Rutlandensi
2277 1091 2335 1140 et

429 1172 804 1235 Lincolniensi,
853 1188 981 1239 quos
1030 1171 1360 1238 supradictae
1402 1170 1455 1220 N
1457 1170 1899 1237 ottinghamiensi
1948 1171 2173 1224 dioecesi
2213 1172 2333 1242 jam

429 1258 828 1326 assignavimus·
903 1257 992 1307 Ita
1028 1257 1198 1324 igitur
1234 1256 1292 1305 in
1321 1254 1690 1306 florentissimo
1729 1255 1956 1324 Angliae
1987 1273 2150 1326 regno
2173 1258 2333 1310 unica

428 1344 530 1396 erit
553 1342 831 1394 Provincia
857 1341 1208 1392 ecclesiastica
1233 1357 1297 1391 ex
1320 1356 1427 1391 uno
1462 1339 1868 1408 Archiepiscopo
1895 1358 1986 1392 seu
2018 1342 2332 1411 Metropoli-

427 1432 554 1481 tano
577 1427 854 1490 Antistite,
879 1430 935 1477 et
971 1426 1250 1477 duodecim
1288 1426 1563 1494 Episcopis
1587 1426 1733 1477 illius
1759 1426 2100 1496 suffraganeis
2136 1429 2332 1481 consti-

427 1518 548 1566 tuta
568 1532 583 1575 ;
625 1531 848 1582 quorum
873 1513 1064 1564 studiis
1089 1516 1146 1563 et
1169 1511 1518 1580 pastoralibus
1544 1511 1681 1562 curis
1715 1511 2036 1563 catholicam
2069 1513 2182 1565 illic
2216 1531 2346 1566 rem-

426 1599 538 1651 Deo
574 1600 735 1651 dante
759 1598 1004 1649 uberibus
1036 1597 1095 1647 in
1135 1597 1246 1647 dies
1271 1596 1515 1647 auctibus
1539 1595 1973 1663 amplificandam
1997 1599 2348 1652 confidimus.-

427 1685 597 1746 Quare
620 1684 786 1735 Nobis
809 1688 865 1734 et
897 1683 1149 1734 Romanis
1175 1682 1526 1734 Pontificibus
1561 1681 1955 1734 Successoribus
1990 1684 2183 1735 nostris
2210 1685 2329 1753 jam

424 1786 567 1822 nunc
598 1772 919 1821 reservatum
955 1768 1198 1819 volumus
1234 1771 1296 1818 ut
1329 1767 1656 1835 provinciam
1691 1768 1864 1835 ipsam
1905 1768 1964 1819 in
2005 1769 2179 1835 plures
2221 1770 2329 1822 dis-

423 1856 732 1924 pertiamus,
756 1858 812 1905 et
836 1870 1122 1922 augeamus
1145 1856 1304 1920 prout
1335 1870 1415 1903 res
1440 1852 1627 1903 tulerit
1650 1853 1986 1905 Dioecesium
2010 1872 2292 1907 numerum
2311 1871 2348 1918 ς’

425 1959 487 1993 ac
510 1940 820 2010 generatim,
843 1942 910 1989 ut
933 1938 1380 2006 quemadmodum
1406 1942 1763 2005 opportunum
1796 1939 1856 1989 in
1887 1939 2118 1992 Domino
2154 1942 2350 1993 visum-

425 2023 602 2085 fuerit,
663 2038 826 2073 novas
887 2020 1100 2071 illarum
1167 2020 1676 2087 circumscriptiones
1742 2021 1903 2072 libere
1970 2022 2325 2075 decernamus,

425 2109 634 2159 Interea
674 2105 1078 2173 Archiepiscopo
1122 2109 1178 2156 et
1218 2104 1494 2172 Episcopis
1538 2107 1851 2173 supradictis
1891 2108 2223 2171 mandamUS‚
2261 2111 2327 2160 ut
2409 2171 2412 2175 ι

423 2193 703 2245 relationes
738 2191 803 2242 de
840 2207 1051 2242 suarum
1081 2190 1436 2241 Ecclesiarum
1463 2194 1608 2241 statu
1640 2191 1709 2241 ad
1747 2191 1994 2243 Nostram
2033 2191 2328 2263 Congrega-

424 2279 626 2329 tionem
651 2275 1027 2344 Propagandae
1053 2274 1209 2325 Fidei
1234 2274 1428 2326 debitis
1462 2276 1789 2343 temporibus
1815 2278 2203 2341 transmittant,
2227 2294 2326 2330 nec

425 2362 684 2414 desistant
731 2361 971 2411 eamdem
1036 2360 1351 2411 instructam
1400 2361 1612 2412 reddere
1663 2362 1729 2412 de
1777 2362 1846 2412 iis
1890 2363 2152 2426 omnibUS,
2191 2381 2326 2431 quae

427 2446 690 2516 spirituali
715 2462 925 2497 suarum
949 2445 1131 2495 ovium
1154 2445 1291 2495 bono
1323 2446 1567 2496 noverint
1602 2446 1891 2513 profutura.
1964 2445 2073 2498 Nos
2099 2449 2243 2500 enim
2266 2451 2326 2501 in

424 2533 576 2584 rebus
611 2531 679 2582 ad
704 2530 1021 2599 Anglicanas
1045 2529 1307 2580 Ecclesias
1344 2531 1734 2597 pertinentibus
1759 2531 2055 2582 ministerio
2089 2532 2324 2600 ejusdem

427 2617 859 2686 congregationis
894 2616 979 2666 uti
1014 2632 1309 2684 pergemus.
1381 2616 1578 2666 Verum
1615 2617 1673 2666 in
1704 2633 1845 2668 sacro
1873 2615 2010 2668 Cleri
2033 2618 2324 2687 populique

424 2703 701 2771 regimine,
725 2705 887 2770 atque
909 2702 968 2752 in
992 2701 1208 2751 caeteris
1233 2718 1368 2768 quae
1404 2702 1472 2752 ad
1496 2701 1756 2768 pastorale
1780 2701 2013 2752 officium
2037 2703 2323 2769 pertinent,

426 2787 858 2854 Archiepiscopus
884 2790 939 2837 et
962 2785 1213 2853 Episcopi
1238 2786 1465 2853 Angliae
1493 2786 1611 2853 jam
1647 2803 1788 2837 nunc
1814 2787 2058 2838 omnibus
2083 2788 2325 2840 fruentur

420 2873 627 2940 juribus
665 2876 722 2922 et
754 2871 1115 2934 facultatibUS,
1152 2871 1344 2938 quibus
1386 2871 1479 2921 alii
1522 2871 1748 2922 aliarum
1786 2873 2033 2939 gentium
2072 2874 2323 2925 catholici

426 2958 818 3025 Archiepiscopi
860 2961 917 3008 et
959 2956 1211 3023 Episcopi
1251 2972 1314 3006 ex
1357 2957 1626 3006 communi
1666 2973 1925 3007 sacrorum
1964 2974 2226 3009 canonum
2268 2963 2322 3010 et

426 3042 850 3111 Apostolicarum
868 3041 1311 3093 constitutionum
1330 3040 1659 3091 ordinatione
1673 3044 1900 3092 utuntur
1914 3046 1970 3093 et
1986 3044 2071 3093 uti
2086 3049 2322 3110 possunt,

427 3132 589 3195 atque
611 3127 1003 3193 obstringentur
1026 3125 1221 3192 pariter
1255 3125 1321 3175 iis
1358 3125 1773 3194 obligationibus
1797 3143 1932 3194 quae
1955 3127 2086 3178 alios
2109 3128 2324 3180 Archie-

427 3215 666 3283 piscopos
697 3216 753 3263 et
791 3211 1076 3279 Episcopos
1112 3227 1177 3261 ex
1218 3211 1402 3260 eadem
1427 3213 1698 3261 communi
1731 3212 2020 3263 catholicae
2057 3213 2323 3266 Ecclesiae

429 3297 712 3365 disciplina
758 3296 1112 3364 obstringunt.
1212 3295 1563 3362 Quaecunque
1611 3300 1792 3347 autem
1836 3297 1946 3348 sive
1993 3298 2052 3348 in
2099 3299 2322 3367 antiqua

429 3382 783 3435 Ecclesiarum
807 3380 1030 3449 Angliae
1048 3380 1267 3442 ratione,
1288 3380 1394 3429 sive
1409 3379 1467 3430 in
1488 3380 1826 3448 subsequenti
1845 3382 2157 3434 missionum
2176 3388 2323 3436 statu

431 3485 495 3520 ex
519 3466 831 3536 specialibus
855 3464 1341 3527 constitutionibuS,
1365 3468 1461 3514 aut
1484 3465 1793 3532 privilegiis,
1820 3467 1902 3516 vel
1926 3469 2324 3519 consuetudini-

429 3554 528 3605 bus
551 3549 902 3619 peculiaribus
921 3549 1204 3615 viguerint,
1225 3552 1435 3598 mutata
1450 3566 1590 3598 nunc
1609 3554 1906 3616 temporum
1924 3569 2095 3616 causa,
2110 3553 2319 3604 nullum

430 3637 648 3706 posthac
673 3637 779 3686 sive
795 3635 886 3702 jus
912 3634 1021 3684 sive
1045 3633 1424 3701 obligationem
1450 3634 1735 3686 inducent:
1781 3653 1885 3703 qua
1909 3637 1975 3687 de
1998 3654 2053 3688 re
2077 3642 2141 3687 ut
2172 3638 2321 3689 nulla

430 3737 692 3774 remanere
715 3719 980 3770 dubit-atio
1005 3718 1177 3768 valeat
1201 3717 1309 3768 Nos
1333 3718 1522 3768 iisdem
1546 3717 1654 3767 illis
1679 3720 2030 3786 peculiaribus
2062 3723 2320 3772 constitu-
