2514 4504
911 503 1185 547 naemu.
1885 490 2012 551 213

95 656 289 709 litteris
331 655 608 707 certiorem
654 655 822 706 facere
866 659 1133 706 tenentur.
1210 653 1349 716 Quas
1388 656 1606 723 quidem
1652 656 1858 707 litteras
1902 656 2015 724 ipse

104 740 409 795 secretarius
435 756 611 792 coram
637 740 934 808 praeposito
954 745 1011 791 et
1028 740 1295 792 canonicis
1319 742 1584 805 recitabit,
1596 745 1653 793 et
1670 741 1738 793 ab
1754 742 2015 809 Episcopo

105 827 163 879 in
186 826 493 878 visitatione
518 825 894 877 examinandas
917 825 1221 878 reservabit.
1296 825 1444 878 Sciat
1486 829 1815 896 praepositus
1857 827 2017 878 officii

95 914 176 966 sui
201 930 308 965 esse
331 913 613 981 invigilare
638 917 700 964 ut
726 916 931 964 statuta
967 912 1285 981 capitularia
1321 914 1675 978 observentur,
1701 915 2010 983 nullamque

94 1000 197 1051 nisi
222 999 524 1068 legitimam
549 998 809 1050 admittat
833 999 1260 1060 excusationem3
1298 1016 1403 1068 quo
1427 1001 1485 1051 in
1506 1017 1723 1053 munere
1741 1017 1773 1051 a
1792 1003 2010 1053 caeteris

96 1083 331 1153 Capituli
380 1085 630 1137 membris
679 1088 760 1137 est
807 1084 1156 1154 adjuvandus·
1233 1084 1292 1136 Si
1331 1085 1451 1153 quis
1494 1091 1677 1138 autem
1729 1087 2012 1138 canonicus

96 1168 341 1239 Capitulo
384 1173 498 1223 sine
541 1172 879 1224 excusatione
921 1171 1159 1223 assistere
1202 1170 1461 1241 negligat,
1505 1172 1711 1224 noverit
1754 1189 1809 1224 se
1852 1172 2011 1242 culpa

94 1272 264 1310 carere
288 1273 395 1309 non
419 1274 586 1326 posse.

235 1356 286 1406 2.
337 1354 487 1407 Inter
530 1354 749 1408 Statuta
794 1354 1123 1424 capitularia
1166 1355 1335 1407 Primi
1381 1353 1607 1407 Concilii
1651 1354 2013 1408 Westmonas-

93 1440 350 1505 midensis,
385 1441 563 1509 capite
611 1458 767 1505 non0‚
805 1441 872 1493 de
921 1441 1295 1493 canonicorum
1345 1440 1650 1494 muneribus
1700 1445 1756 1494 et
1807 1441 2012 1505 officii8‚

93 1526 363 1579 decretum
424 1532 505 1579 est
564 1531 600 1558 “
625 1528 803 1595 copias
862 1527 1246 1579 resolutionum
1308 1528 1688 1596 capitularium
1746 1527 2013 1596 Episcopo

92 1612 398 1681 requirenti,
439 1617 630 1682 utpote
673 1614 761 1664 cui
804 1613 1072 1665 incumbit
1114 1613 1395 1682 invigilare
1437 1618 1492 1665 et
1535 1631 1901 1684 recognoscere
1945 1629 2014 1666 ne

92 1696 384 1766 quidquam
422 1715 516 1766 per
551 1699 869 1767 capitulares
906 1699 1217 1751 decernatur
1241 1703 1425 1751 contra
1441 1699 1580 1768 juris
1606 1700 2012 1768 dispositionem

93 1782 177 1835 vel
214 1783 273 1834 in
310 1783 702 1851 praejudicium
729 1784 1014 1849 Ecclesiae,
1039 1801 1073 1836 a
1097 1786 1365 1837 canonicis
1389 1785 1639 1855 denegari
1673 1802 1779 1836 non
1814 1784 2011 1854 posse.''

92 1867 175 1920 Ad
221 1870 602 1937 praecavendas
650 1874 835 1922 autem
883 1871 1217 1938 quaestiones
1266 1887 1402 1939 quae
1450 1888 1515 1923 ex
1561 1871 1730 1923 citata
1773 1870 2012 1923 clausula

92 1960 302 2024 possent
338 1955 545 2020 exoriri,
569 1953 933 2025 adjiciendum
968 1956 1277 2025 judicamus
1317 1956 1596 2009 canonicos
1640 1957 1806 2009 etiam
1851 1956 2011 2008 libros

93 2040 409 2110 capitulares
434 2041 697 2110 Episcopo
737 2043 878 2094 intra
918 2043 1196 2095 civitatem
1234 2044 1549 2107 constituto,
1572 2044 2012 2111 quotiescumque

93 2141 157 2178 ex
180 2127 484 2179 rationabili
510 2144 666 2179 causa
690 2128 749 2180 id
773 2128 1026 2196 requirat,
1051 2129 1298 2181 exhibere
1322 2130 1530 2181 teneri.¹

235 2225 286 2275 3.
336 2221 577 2294 Benigna
616 2223 843 2277 Sanctae
882 2224 1036 2278 Sedis
1072 2226 1421 2289 concessione,
1449 2225 1712 2294 Episcopo
1739 2225 2011 2287 defuncto,

93 2306 330 2378 Capituli
354 2313 435 2361 est
458 2310 623 2361 trium
648 2310 1122 2363 ecclesiasticorum
1142 2311 1374 2363 virorum
1400 2311 1618 2362 nomina
1642 2328 1735 2379 per
1759 2310 2009 2381 suffragia

92 2401 289 2450 secreta
331 2398 542 2468 eligere,
571 2403 626 2450 et
669 2399 737 2450 ad
781 2401 1023 2452 tramites
1066 2400 1305 2468 ejusdem
1345 2398 1590 2464 Concilii,
1616 2399 1839 2452 Decreto
1879 2401 2010 2452 duo-

92 2483 314 2548 decimo,
329 2489 487 2537 antea
505 2485 678 2550 citati,
690 2484 901 2553 judicio
921 2484 1133 2538 Summi
1150 2485 1429 2538 Pontificis
1448 2487 1516 2537 ad
1537 2486 1715 2538 sedem
1730 2491 2008 2538 vacantem

92 2571 472 2623 commendare.
560 2571 911 2624 Meminerint
950 2589 1074 2642 ergo
1122 2572 1442 2640 capitulares
1493 2576 1695 2640 quanta
1742 2576 1800 2623 et
1847 2588 2007 2640 quam

92 2656 274 2727 magni
311 2656 572 2708 momenti
606 2657 675 2709 ad
711 2657 1031 2710 felicitatem
1066 2662 1124 2710 et
1160 2659 1388 2711 salutem
1430 2659 1681 2712 dioecesis
1719 2659 1790 2711 sit
1823 2658 1914 2727 huj
1921 2675 2007 2711 us-

91 2741 236 2794 modi
273 2743 674 2813 praerogativa3
725 2743 990 2811 siquidem
1013 2761 1077 2797 ex
1104 2761 1284 2796 eorum
1325 2744 1610 2813 prudentia
1647 2749 1703 2796 et
1739 2744 2005 2812 probitate

91 2827 288 2896 pendet
326 2829 508 2880 unitas
550 2828 693 2891 cleri,
736 2829 988 2881 dioecesis
1030 2830 1365 2898 prosperitas,
1409 2846 1513 2898 pax
1555 2831 1746 2900 gregis.
1824 2829 2006 2891 Qualis

90 2914 234 2965 enim
275 2913 588 2982 Episcopus,
630 2914 756 2966 talis
799 2919 854 2966 et
905 2914 1138 2966 ecclesia.
1214 2914 1546 2983 Quapropter
1593 2915 1651 2965 in
1700 2913 2005 2965 nominibus

93 2998 392 3067 seligendiS‚
407 3016 475 3052 ne
494 3018 548 3052 se
567 3002 879 3053 contineant
898 3001 1216 3069 capitulares
1241 3001 1384 3051 intra
1408 3001 1611 3052 limites
1632 2999 1888 3067 Capituli,
1907 3006 2003 3050 aut

91 3084 336 3136 dioecesis
359 3086 618 3154 propriae,
644 3086 734 3138 sed
771 3087 1006 3137 maxime
1029 3086 1245 3137 idoneos
1270 3086 1408 3137 viros
1434 3086 1518 3136 vel
1544 3091 1691 3137 extra
1717 3085 2000 3136 dioecesim

90 3170 384 3238 exquirant,
408 3172 504 3240 qui
538 3189 645 3224 non
685 3171 1070 3224 sufficientibus
1104 3176 1320 3223 tantum
1359 3173 1468 3222 sint
1494 3171 1743 3223 instructi
1770 3171 2002 3232 dotibuS,

91 3255 181 3307 sed
226 3256 440 3325 insuper
485 3261 607 3309 tum
655 3258 1007 3311 humanarum
1057 3263 1176 3309 tum
1227 3258 1529 3309 divinarum
1578 3273 1754 3309 rerum
1808 3256 2001 3323 peritia

90 3341 374 3394 emineant.

232 3427 347 3490 Quo
371 3428 429 3480 id
453 3429 663 3481 facilius
687 3447 719 3482 a
743 3430 1010 3482 canonicis
1035 3435 1345 3499 praestetur,
1370 3428 1647 3481 elenchum
1676 3427 1998 3495 qualitatum

91 3518 223 3580 quae
270 3514 330 3565 in
378 3513 640 3584 Episcopo
688 3516 917 3568 inveniri
961 3516 1157 3568 debent
1199 3517 1266 3567 ad
1317 3515 1514 3566 calcem
1557 3513 1714 3581 hujus
1757 3511 1987 3580 Synodi²

727 3661 741 3689 ¹
760 3660 872 3702 Vide
891 3661 1091 3702 Arrxxn.
1112 3661 1185 3712 V.,
1209 3673 1250 3714 p.
1274 3663 1363 3701 301.

711 3728 730 3755 ²
746 3727 857 3770 Vide
875 3727 1075 3769 Arnim).
1099 3727 1199 3778 VL,
1221 3740 1262 3780 p.
1288 3729 1377 3767 302.
