2514 4504
443 404 567 465 274
1006 421 1166 466 cone.
1212 421 1378 468 mov,
1424 420 1643 466 wssm.
1686 421 1765 468 tv·

578 567 742 619 XLV.
780 567 978 620 Totum
1022 567 1314 619 scholarum
1362 566 1692 634 publicarum
1740 568 1995 638 regimen,
2035 569 2095 621 in
2141 569 2335 638 quibus

426 651 682 718 juventus
724 652 1039 703 christianae
1074 651 1298 719 alicujus
1334 650 1676 719 Reipublicae
1711 651 2034 716 instituitur,
2069 653 2337 721 episcopae

434 734 573 786 libus
622 736 902 787 dumtaxat
950 735 1243 788 seminariis
1289 735 1469 804 aliqua
1515 736 1719 788 ratione
1767 737 2015 806 excepti8‚
2057 741 2233 806 potest
2273 753 2336 788 ac

436 819 593 871 debet
617 820 840 872 attribui
871 820 1179 872 auctoritati
1213 820 1392 881 civili3
1430 824 1486 872 et
1519 821 1598 872 ita
1626 821 1840 889 quidem
1868 821 2110 886 attribui,
2132 825 2196 873 ut
2217 821 2337 873 nul-

434 903 549 954 lum
574 905 669 956 alii
694 906 1009 973 cuicumque
1033 905 1341 957 auctoritati
1369 910 1768 975 recognoscatur
1790 905 1884 974 jus
1915 906 2252 959 immiscendi
2283 923 2336 959 se

435 989 493 1039 in
541 991 822 1058 disciplina
869 991 1181 1054 scholarum,
1223 991 1281 1042 in
1322 990 1580 1058 regimine
1621 991 1934 1055 studiorum,
1974 992 2035 1043 in
2073 987 2334 1062 graduum

434 1073 732 1139 collatione,
756 1076 817 1128 in
840 1076 1050 1128 delectu
1074 1079 1171 1127 aut
1194 1076 1571 1144 approbatione
1594 1076 1983 1146 magistrorum.

690 1172 827 1214 Alloc.
847 1175 904 1214 In
921 1174 1183 1214 consistoriali
1205 1177 1224 1214 1
1245 1173 1512 1224 Novembris,
1538 1175 1657 1214 1850.

690 1239 830 1281 Alloc.
855 1240 1002 1287 Quibus
1021 1242 1316 1281 luctuosissimi&
1334 1242 1358 1280 6
1379 1239 1652 1294 Septembris,
1677 1240 1795 1282 1851.

578 1338 775 1390 XLVI.
813 1339 988 1391 Immo
1036 1340 1095 1391 in
1147 1341 1276 1408 ipsis
1333 1341 1640 1392 clericorum
1703 1339 1997 1394 seminariis
2057 1338 2338 1395 methodus

435 1424 731 1476 studiorum
755 1425 1054 1477 adhibenda
1078 1426 1225 1477 civili
1249 1426 1559 1478 auctoritati
1583 1425 1881 1494 subjicitur.

691 1521 828 1564 Alloc.
850 1523 1065 1575 Nunquam
1072 1522 1168 1575 fore
1187 1523 1236 1564 15
1255 1522 1514 1574 Decembris,
1535 1524 1654 1564 1856.

578 1625 809 1677 XLVII.
846 1625 1090 1678 Postulat
1113 1627 1321 1694 optima
1339 1626 1511 1678 civilis
1529 1626 1796 1679 societatis
1813 1625 1967 1691 ratio,
1984 1628 2050 1679 ut
2064 1626 2340 1696 populares

437 1710 657 1774 scholae,
682 1727 818 1779 quae
849 1714 1038 1779 patent
1075 1711 1319 1763 omnibus
1352 1711 1607 1780 cujusque
1637 1729 1667 1764 e
1699 1711 1898 1781 populo
1934 1711 2112 1764 classis
2148 1711 2340 1780 pueris,

435 1809 497 1845 ac
545 1793 760 1862 publica
806 1793 1091 1845 universim
1140 1793 1421 1858 Instituta,
1468 1810 1603 1862 quae
1650 1794 1846 1846 litteris
1902 1793 2340 1862 sever-ictibusque

437 1878 733 1947 disciplinis
765 1879 1033 1931 tradendis
1065 1883 1123 1931 et
1146 1879 1450 1931 educationi
1465 1879 1770 1948 juventutis
1794 1879 2054 1931 curandae
2078 1881 2204 1930 sunt
2226 1877 2341 1929 des-

438 1966 628 2028 tinata,
661 1965 961 2017 eximantur
993 1965 1061 2017 ab
1092 1965 1240 2017 omni
1270 1963 1538 2016 Ecclesiae
1561 1964 1896 2027 auctoritate,
1919 1963 2264 2016 moderatrice
2285 1963 2340 2015 vi

438 2054 495 2101 et
518 2050 830 2120 ingerentia,
859 2051 1120 2119 plenoque
1158 2049 1331 2102 civilis
1368 2066 1431 2101 ac
1468 2048 1720 2118 politicae
1758 2049 2092 2100 auctoritatis
2127 2047 2342 2100 arbitrio

438 2136 786 2204 subjiciantur
823 2137 891 2188 ad
929 2137 1308 2205 imperantium
1345 2135 1546 2204 placita
1581 2138 1638 2187 et
1669 2134 1740 2187 ad
1763 2135 2127 2187 communium
2150 2132 2342 2186 aetatis

438 2214 750 2289 opinionum
773 2223 1043 2275 amussim.

695 2311 833 2365 Epist.
854 2312 910 2353 ad
926 2311 1126 2366 Archiep.
1148 2310 1349 2363 Friburg.
1373 2310 1502 2358 Quum
1518 2322 1598 2352 non
1615 2311 1701 2352 sim
1720 2311 1770 2351 14
1787 2308 1912 2361 Julii,
1938 2310 2055 2351 1864.

581 2405 842 2457 XLVIII.
882 2404 1168 2457 Catholicis
1191 2404 1318 2456 viris
1340 2404 1549 2472 probari
1578 2406 1755 2472 potest
1779 2420 1842 2456 ea
1860 2402 2167 2472 juventutis
2180 2403 2343 2456 >insti-

439 2494 667 2545 tuendae
690 2493 845 2556 ratio,
869 2509 1004 2560 quae
1029 2492 1100 2543 sit
1123 2508 1156 2542 a
1179 2490 1441 2542 catholica
1464 2489 1571 2542 fide
1596 2494 1652 2542 et
1679 2490 1748 2542 ab
1781 2489 2047 2541 Ecclesiae
2078 2493 2342 2557 potestate

441 2579 695 2647 sejuncta,
743 2594 983 2645 quaeque
1029 2592 1204 2627 rerum
1251 2576 1535 2627 dumtaxat
1582 2573 1908 2626 naturalium
1957 2575 2233 2626 scientiam
2279 2590 2342 2626 ac

438 2667 671 2715 terrenae
713 2662 919 2714 socialis
960 2662 1103 2714 vitae
1143 2660 1275 2713 fines
1315 2659 1688 2713 tantummodo
1730 2659 1816 2711 vel
1857 2658 2046 2712 saltem
2092 2659 2342 2728 primario

441 2753 659 2817 spectet.
696 2817 836 2871 Epist.
856 2817 912 2859 ad
927 2816 1127 2870 Archiep.
1148 2815 1350 2869 Jffiburg.
1376 2816 1504 2863 eumn
1520 2828 1600 2856 mn
1616 2816 1702 2856 aim
1719 2815 1771 2855 14
1787 2813 1914 2866 suni,
1937 2816 2055 2856 1864.

583 2914 784 2966 XLIX.
824 2913 1009 2966 Civilis
1043 2913 1329 2965 auctoritas
1366 2915 1543 2981 potest
1572 2910 1832 2980 impedire
1863 2911 2146 2979 quominus
2176 2927 2341 2962 sacro-

441 3017 557 3052 rum
582 3000 866 3051 Antistites
887 3003 944 3050 et
965 2998 1144 3050 fideles
1166 2998 1352 3067 populi
1376 3014 1502 3050 cum
1533 2996 1772 3050 Romano
1804 2996 2066 3049 Pontifice
2096 2995 2257 3071 libere
2278 3011 2340 3046 ac

440 3090 631 3138 mutuo
654 3084 1061 3136 communicent.

697 3170 834 3212 Alloc.
854 3171 1038 3212 Maxima
1055 3171 1209 3221 quidem
1227 3172 1251 3210 9
1270 3168 1408 3220 Jum'i,
1432 3170 1549 3212 1862.

585 3269 647 3320 L.
686 3268 848 3319 Laica
871 3266 1157 3318 auctoritas
1179 3265 1340 3317 habet
1362 3282 1453 3333 per
1482 3272 1536 3316 se
1559 3264 1652 3333 jus
1670 3264 2039 3332 praesentandi
2055 3264 2339 3335 episcopos,

443 3358 498 3406 et
534 3358 709 3422 potest
748 3353 815 3403 ab
852 3352 961 3403 illis
998 3353 1204 3419 exigere
1241 3353 1306 3401 ut
1340 3350 1525 3402 ineant
1560 3349 1878 3402 dioecesium
1901 3349 2339 3418 procurationem,

444 3443 729 3507 antequam
753 3438 856 3505 ipsi
880 3436 1186 3487 canonicam
1210 3452 1243 3486 a
1268 3434 1321 3486 S.
1349 3433 1481 3486 Sede
1517 3434 1915 3485 institutionem
1953 3437 2010 3486 et
2027 3433 2337 3502 apostolicas

442 3523 647 3574 litteras
670 3522 952 3589 accipiant.

698 3611 835 3652 Alloc.
856 3612 1070 3659 Nunquam
1086 3609 1172 3657 foro
1193 3610 1242 3650 15
1260 3606 1518 3652 Decembris.
1543 3608 1660 3648 1866.
