2514 4504
956 452 1234 497 nasama.
1372 490 1381 499 .
1919 445 2043 507 233

148 602 300 654 aliter
324 605 606 654 statuatur.
680 601 753 652 Et
794 618 886 670 pro
925 604 1166 671 augendo
1206 603 1380 654 cultus
1414 605 1585 656 divini
1625 606 1823 671 decore,
1850 626 2051 661 necnon

148 704 240 757 pro
264 687 453 755 majori
495 687 554 738 in
598 687 753 738 sacris
790 686 974 738 officiis
1011 688 1395 753 uniformitate,
1422 693 1775 759 praecipimus
1801 700 1864 744 ut
1889 713 2052 746 sacer-

148 774 296 825 dotes
321 773 621 836 saeculareS,
646 777 702 823 et
727 773 989 842 regulares
1013 774 1103 841 qui
1130 776 1402 843 proprium
1442 778 1639 828 ordinis
1675 778 1920 830 habitum
1947 798 2050 830 non

148 864 357 929 gerunt,
396 860 832 927 quotiescumque
856 859 1069 927 publice
1108 860 1329 912 Missam
1370 863 1651 926 celebrant,
1692 865 1908 915 verbum
1953 865 2051 916 Dei

150 945 471 1015 praedicant,
497 945 579 996 vel
619 945 789 1008 aliter,
816 945 1049 997 vestibus
1090 948 1246 997 sacris
1292 948 1491 1011 induti,
1518 949 1690 999 officia
1735 950 1791 1000 in
1837 951 2053 1002 ecclesia

149 1036 424 1101 peragunt,
454 1030 539 1082 vel
578 1030 646 1081 iis
686 1031 959 1096 assistunt,
993 1032 1178 1083 eodem
1218 1033 1398 1085 collari
1434 1034 1611 1085 induti
1645 1036 2053 1103 conspiciantur,

148 1114 228 1164 ita
252 1120 315 1164 ut
341 1114 560 1164 camisia
585 1114 721 1164 circa
746 1113 942 1165 collum
967 1114 1274 1167 nullatenus
1299 1116 1599 1184 appareat.”
1622 1118 1638 1148 ¹

295 1228 377 1278 13.
416 1226 577 1278 Hisce
614 1226 851 1279 Decretis
885 1228 1011 1279 haec
1038 1228 1237 1290 Quarta
1262 1228 1504 1298 Synodus
1528 1231 1790 1298 quaedam
1815 1231 2055 1282 addenda

148 1312 387 1381 expedire
436 1312 493 1363 in
542 1311 770 1364 Domino
810 1312 1041 1381 judicat.
1129 1313 1515 1383 Praecipimus·
1544 1333 1666 1386 ergo
1716 1322 1778 1367 ut
1826 1315 2055 1384 quilibet

149 1399 379 1451 sacerdos
404 1397 593 1449 collare
619 1397 920 1451 Romanum
944 1415 1051 1451 non
1076 1399 1247 1451 solum
1271 1417 1439 1468 quum
1464 1401 1824 1453 ministerium
1851 1418 2054 1452 sacrum

147 1489 365 1547 exercet,
408 1484 499 1536 sed
539 1501 742 1552 semper
789 1484 942 1549 ferat,
983 1490 1049 1537 ut
1096 1490 1376 1556 tamquam
1426 1487 1659 1539 sacerdos
1701 1487 1770 1538 ab
1810 1488 2055 1538 omnibus

148 1571 502 1640 dignoscatur.
555 1569 899 1623 Decernimus
916 1572 1131 1639 insuper
1154 1572 1372 1623 omnino
1398 1573 1712 1624 servandum
1739 1590 1847 1624 esse
1872 1590 1904 1623 a
1928 1573 2055 1624 viris

147 1656 513 1709 ecclesiasticis
537 1672 737 1707 morem
763 1655 962 1709 Romae
987 1657 1267 1721 usitatum,
1285 1674 1392 1709 non
1416 1660 1690 1712 nutriendi
1715 1660 1934 1728 capillos
1957 1677 2055 1711 nec

130 1744 205 1795 ‚in
226 1743 378 1812 genis
402 1758 499 1793 nec
524 1742 581 1792 in
606 1742 829 1793 ment0.²³

293 1859 376 1908 14.
413 1855 489 1907 Et
522 1856 567 1907 si
601 1855 722 1924 quis
754 1856 990 1909 sacerdos
1023 1860 1345 1911 vestimenta
1370 1859 1634 1912 clericalia
1659 1861 1738 1911 ita
1763 1861 2055 1912 immutata

146 1941 356 2003 habeat,
394 1939 501 1991 nisi
543 1939 602 1989 in
642 1956 766 1990 casu
803 1940 1067 1991 rarissimo
1107 1940 1175 1992 ab
1216 1939 1495 1994 Ordinario
1520 1943 1805 2011 probando,
1843 1948 1906 1994 ut
1948 1960 2054 1994 non

146 2025 375 2094 amplius
424 2041 523 2075 ceu
579 2023 715 2075 clero
771 2023 861 2092 huj
870 2042 932 2075 us
988 2026 1292 2093 provinciae
1350 2028 1646 2095 adscriptus
1695 2029 1763 2079 ab
1811 2028 2054 2080 omnibus

145 2111 357 2181 agnosci
395 2110 580 2179 possit,
605 2114 661 2160 et
684 2114 749 2160 ut
773 2109 857 2160 vel
882 2111 939 2161 in
981 2112 1334 2179 suspicionem
1374 2112 1621 2165 fidelibus
1662 2114 1819 2165 cadat
1857 2113 1940 2163 vel
1980 2114 2054 2164 eis

145 2196 350 2250 notorie
398 2195 703 2248 scandalum
752 2196 1020 2264 praebeat,
1070 2213 1243 2265 neque
1291 2198 1359 2249 ad
1414 2198 1638 2250 Missam
1688 2199 2053 2251 celebrandam

146 2299 318 2352 neque
341 2283 397 2334 in
424 2281 722 2334 sanctuario
747 2282 815 2333 ad
841 2282 1039 2333 divinis
1063 2281 1248 2333 officiis
1274 2284 1627 2335 assistendum
1654 2285 1991 2336 admittatur.

293 2399 375 2449 15.
413 2396 460 2448 A
500 2396 739 2465 patribus
777 2396 970 2447 nostris
1009 2395 1066 2446 in
1100 2394 1337 2447 Concilio
1363 2396 1705 2461 Londinensi,
1730 2414 1867 2449 anno
1898 2400 2051 2460 1248,

146 2484 491 2555 congregatis,
569 2483 865 2535 clericalem
943 2482 1190 2534 habitum
1276 2483 1506 2536 deserere
1581 2484 1888 2553 judicatum
1973 2489 2052 2535 est

145 2586 357 2640 gravem
382 2574 439 2622 et
461 2586 763 2637 perversum
796 2569 959 2620 nimis
999 2585 1109 2620 esse
1148 2569 1390 2632 abusum,
1429 2571 1487 2620 in
1526 2587 1632 2638 quo
1672 2570 1814 2621 Deus
1850 2570 2050 2620 irrideri

145 2654 359 2718 dicitur,
395 2654 700 2707 obscuratur
742 2655 901 2705 decus
941 2654 1223 2718 Ecclesiae,
1264 2655 1521 2706 clericalis
1559 2656 1757 2706 ordinis
1797 2655 2051 2706 celsitudo

146 2739 478 2809 deprimitur,
505 2738 743 2791 Christus
768 2756 800 2789 a
830 2740 938 2790 suis
970 2739 1239 2790 militibus
1279 2739 1569 2791 ferentibus
1609 2740 1840 2810 insignia
1878 2740 2051 2790 aliena

145 2824 417 2889 deseritur,
453 2825 612 2876 decus
648 2824 939 2876 honestatis
978 2824 1246 2876 Ecclesiae
1279 2824 1609 2884 maculatum
1647 2825 1777 2876 dum
1803 2825 2051 2876 clericum

144 2927 178 2963 a
211 2910 346 2963 laico
394 2910 677 2979 respiciens
726 2910 892 2962 oculis
946 2927 1053 2962 non
1114 2910 1383 2974 discernit,
1420 2910 1590 2978 fitque
1639 2911 1885 2963 omnibus
1933 2927 2052 2962 vere

143 2997 386 3049 fidelibus
410 2999 468 3048 in
493 2997 800 3049 scandalum
827 3002 883 3049 et
906 2998 966 3048 in
990 2996 1341 3065 despectum.⁸

290 3123 373 3175 16.
412 3122 703 3191 Episcopus
752 3120 1206 3187 Chalcedonensis,
1251 3122 1509 3174 secundus
1557 3126 1677 3191 post
1719 3138 1950 3173 eversam
1994 3122 2050 3172 in

143 3205 283 3259 hisce
316 3208 489 3276 regnis
529 3207 892 3260 Hierarchiam
931 3207 1159 3276 Angliae
1198 3211 1255 3260 et
1294 3207 1502 3260 Scotiae
1542 3206 1865 3270 OrdinariuS,
1902 3212 2051 3258 ante-

144 3308 361 3345 cessores
403 3297 623 3356 nostrOS,
661 3298 958 3362 martyrum
1002 3295 1183 3358 sociOS,
1220 3296 1463 3363 ipsosque
1505 3311 1598 3363 pro
1631 3293 1735 3345 fide
1773 3309 1889 3343 vere
1928 3309 2052 3344 con-

144 3377 371 3443 fessores,
395 3379 476 3431 ita
498 3378 739 3432 hortatus
765 3384 876 3432 est:

700 3528 715 3552 ²
739 3534 756 3571 1
786 3533 896 3571 Cone.
929 3532 1045 3572 West.
1071 3530 1197 3573 Decr.
1216 3531 1331 3572 xxiV.
1355 3533 1378 3572 5
1402 3538 1440 3572 et
1458 3534 1495 3573 6.

765 3596 783 3618 ²
801 3596 913 3638 Vide
939 3597 1139 3638 Arum).
1171 3598 1255 3638 IX.
1277 3611 1321 3652 p.
1351 3600 1442 3640 306.

699 3662 716 3685 ³
738 3662 896 3714 Labbe,
923 3664 1066 3705 Gemit.
1087 3665 1188 3705 tom.
1212 3663 1299 3704 xiv.
1321 3677 1363 3718 p.
1387 3666 1479 3705 408.
