2514 4504
503 467 584 527 98
1060 479 1219 525 conc.
1263 479 1428 523 PRov.
1475 478 1694 522 wner.
1739 478 1803 520 11.

858 1137 1383 1214 CONCILII
1471 1128 2033 1215 DECRETA.

1200 1553 1603 1606 DECRETUM
1646 1553 1693 1608 Ι.

1119 1684 1200 1739 De
1237 1684 1462 1754 Synodo
1498 1684 1774 1757 ‘imcoeptca

1178 1938 1582 1992 DECRETUM
1642 1941 1718 1992 ΙΙ.

531 2084 614 2141 De
660 2085 1030 2140 Immaculato
1077 2084 1447 2139 *Beatissimae
1506 2085 1765 2155 Virqo’snis
1814 2085 2036 2140 Mariae
2087 2086 2368 2158 Conceptu

693 2176 997 2246 doymatioe
1022 2194 1059 2229 α
1084 2176 1451 2231 Sanctis-simo
1476 2177 1723 2231 Domino
1746 2179 1944 2232 Nostro
1970 2178 2235 2248 definitos

643 2322 986 2374 Felieissimis
1036 2338 1158 2372 sane
1207 2322 1306 2373 sub
1354 2322 1606 2389 auspiciis
1654 2321 1791 2373 hanc
1845 2326 2080 2373 nostram
2131 2322 2404 2391 Synodum

502 2401 843 2461 convocatam
868 2406 1275 2473 inchoatamque
1300 2406 1420 2474 jure
1457 2409 1666 2457 censere
1699 2407 1968 2471 debemuS,
2009 2424 2160 2475 quae·
2185 2408 2412 2475 dogmaa

505 2496 666 2545 ticam
709 2492 1075 2543 definitionem
1125 2491 1512 2542 Immaculatae
1551 2491 1652 2541 Dei
1696 2490 1986 2542 Genitricis
2031 2490 2403 2559 Conceptionis

503 2586 616 2631 tam
657 2596 816 2647 prope
860 2578 1113 2644 sequitur,
1156 2580 1220 2626 ut
1262 2577 1452 2626 merito
1496 2577 1662 2644 ipsius
1706 2577 2000 2642 patrocinio
2040 2577 2405 2627 commendare

505 2665 762 2733 possimus
786 2662 1047 2730 quidquid
1073 2679 1104 2712 a
1127 2662 1279 2712 nobis
1304 2665 1487 2711 actum
1511 2661 1982 2728 pronuntiatumve
2007 2661 2184 2712 fuerit.

650 2749 764 2810 Qua
812 2749 876 2798 de
924 2764 997 2810 re,
1046 2747 1091 2797 si
1139 2746 1496 2814 omnipotenti
1551 2745 1663 2796 Deo
1717 2747 1916 2813 gratias
1963 2746 2142 2813 palam
2178 2746 2419 2816 agendas

506 2853 615 2888 esse
647 2836 764 2903 jam
807 2833 1123 2895 curavimus,
1166 2835 1319 2882 tanto
1362 2831 1533 2900 magis
1576 2830 1665 2881 hic
1710 2831 1933 2881 adunati
1967 2831 2274 2882 solemniore
2296 2831 2407 2882 ritu

507 2920 812 2990 repetendas
837 2919 1104 2981 duximuS‚
1129 2919 1209 2968 ita
1231 2921 1295 2967 ut
1318 2917 1379 2969 in
1410 2917 1527 2983 ipso
1569 2917 1736 2967 nostri
1781 2918 1949 2983 operis
1991 2917 2177 2968 limine
2218 2933 2407 2968 manus

508 3024 569 3059 ac
630 3005 805 3056 oculos
863 3004 923 3054 in
982 3002 1157 3053 Deum
1217 3001 1386 3052 totius
1447 3001 1819 3051 consolationis
1878 3002 2250 3065 intendentes,
2291 2999 2419 3070 Ipsi

509 3095 679 3161 grates
714 3106 807 3156 pro
847 3091 1001 3138 tanto
1042 3085 1300 3138 beneficio
1353 3086 1719 3152 rependamUS,
1772 3086 1835 3153 Ε]
1842 3103 2008 3153 usque
2062 3086 2404 3161 imploremus

509 3172 863 3232 clementiam,
910 3172 975 3219 ut
1022 3168 1090 3219 ab
1138 3167 1507 3235 ingruentibus
1555 3167 1710 3217 malis
1759 3167 2052 3218 Ecclesiam
2100 3172 2156 3218 et
2210 3168 2404 3231 orbem,

510 3257 855 3308 Dulcissimae
879 3254 1116 3322 Virginis
1139 3253 1343 3303 Mariae
1368 3253 1577 3302 intuitu
1599 3251 1807 3314 liberet,
1830 3256 1887 3302 et
1909 3255 2223 3319 praeservet.

655 3340 758 3391 Sed
818 3339 1049 3389 maxime
1107 3353 1336 3403 aequum
1396 3337 1592 3403 pariter
1651 3336 1879 3398 videtur,
1933 3340 1999 3386 ut
2059 3335 2406 3388 Sanctissimo

513 3426 741 3477 Domino
766 3423 955 3474 Nostro
981 3422 1079 3472 Pio
1109 3421 1261 3472 Nono
1300 3421 1439 3489 grati
1474 3420 1641 3469 nostri
1678 3420 1846 3469 animi
1885 3437 2062 3471 sensus
2098 3423 2409 3488 pandamus,

515 3529 576 3563 eo
618 3509 759 3576 quod
797 3507 991 3559 divinis
1030 3505 1217 3556 cedens
1259 3504 1592 3571 impulsibUS,
1618 3503 1959 3570 coelestisque
1997 3505 2215 3556 luminis
2251 3507 2410 3556 radiis

515 3596 818 3661 obsequenS,
859 3592 995 3642 hanc
1036 3588 1376 3656 magnificam
1425 3584 1790 3638 definitionem
1838 3590 2071 3655 gaudens
2113 3590 2409 3657 protulerit,

517 3695 768 3745 suamque
792 3678 1057 3727 laetitiam
1081 3692 1174 3742 per
1209 3678 1388 3725 totum
1424 3673 1686 3722 mundum
1728 3673 2035 3739 profuderit.
2109 3674 2222 3724 Nec
2247 3675 2408 3735 satis:

517 3772 606 3822 sed
632 3770 801 3821 voluit
826 3769 991 3820 etiam
1015 3771 1080 3818 ut
1104 3783 1282 3819 secum
1307 3765 1643 3832 quamplures
1676 3770 1914 3815 nostrum
1951 3766 2257 3833 gauderent,
2281 3783 2410 3834 quos
