2514 4504
393 341 517 400 392
887 406 891 409 Α
1169 364 1408 406 Anm‘no
1452 366 1509 406 v.

388 520 747 588 “regularium
772 538 834 572 ac
857 521 1161 589 praesertim
1199 520 1413 571 illorum
1451 521 1544 588 qui
1583 521 1641 571 in
1682 521 2001 589 pauperibus
2025 523 2288 576 coenobiis

388 607 636 655 “morum
660 605 927 656 trahunt?
1001 605 1101 656 Del
1125 609 1261 656 resto
1285 606 1487 656 avendo
1520 605 1812 657 dichiarato
1837 606 1889 657 la
1913 605 1968 658 S.
1997 605 2291 677 congrega-

388 688 535 740 zione
559 690 645 740 del
671 689 904 740 Concilio
962 693 1067 741 “ex
1108 690 1259 757 praxi
1301 689 1531 759 generali
1575 690 1894 758 Presbyteris
1926 707 2033 743 non
2075 694 2291 746 concedi

388 774 814 842 “eleemosynam
838 775 1065 842 recipere
1088 791 1183 842 pro
1201 775 1428 826 secunda
1445 774 1628 837 Missa,
1646 774 1858 826 etiamsi
1882 775 1947 826 de
1969 775 2079 827 illis
2103 781 2292 845 agatur

389 859 525 926 “qui
550 860 837 927 parochiali
861 876 1077 911 munere
1095 861 1344 911 instructi
1361 860 1482 912 ideo
1502 861 1806 928 stipendum
1823 877 1918 928 pro
1936 861 2110 930 prima
2127 862 2292 915 Missa

389 948 423 975 ‘⁶
441 951 674 1012 nequent
698 946 951 1008 obtinere,
974 946 1116 1014 quod
1139 962 1257 998 eam
1276 962 1384 1015 pro
1413 944 1629 1015 populo
1665 946 1928 1014 applicare
1964 947 2292 1012 teneantur,”

389 1047 537 1081 come
562 1032 605 1081 si
630 1032 844 1083 notifico
869 1048 968 1083 con
1002 1033 1245 1101 apposita
1282 1031 1537 1084 Circolare
1573 1032 1711 1084 della
1742 1033 2087 1102 Propaganda
2111 1035 2198 1086 dei
2227 1035 2290 1086 15

390 1115 570 1168 Ottob.
596 1119 732 1170 1863
758 1119 868 1188 agli
893 1118 1157 1171 Ordinarii
1181 1118 1321 1170 delle
1343 1118 1607 1181 Missioni,
1627 1118 1672 1168 si
1691 1118 1721 1169 e
1745 1118 1883 1170 tolto
1906 1119 2141 1188 oggimai
2166 1119 2292 1188 ogni

388 1206 618 1268 pretesto
643 1203 730 1253 all’
755 1204 916 1254 abuso
953 1204 1010 1254 di
1034 1204 1214 1255 binare
1238 1204 1291 1254 la
1314 1203 1489 1255 Messa
1514 1203 1582 1254 ad
1606 1203 1809 1255 intuito
1832 1203 1972 1255 dello
2009 1204 2290 1272 stipendio.
2369 1199 2375 1203 ’

391 1286 457 1336 In
481 1287 620 1338 vista
643 1289 767 1356 pero
791 1289 926 1339 delle
950 1289 1251 1357 particolari
1276 1289 1595 1340 circostanze
1618 1289 1676 1341 di
1700 1289 1888 1341 alcune
1911 1289 2158 1340 Missioni
2175 1279 2219 1340 il
2236 1287 2292 1341 S.

390 1371 558 1423 Padre
607 1374 650 1424 si
699 1374 729 1424 ὲ
777 1374 1006 1443 degnato
1053 1375 1388 1437 autorizzare,
1429 1391 1576 1426 come
1624 1379 1807 1426 consta
1854 1374 1997 1426 dalla
2036 1373 2295 1427 Circolare

391 1459 694 1522 medesima,
719 1458 741 1509 i
765 1460 998 1527 predetti
1024 1459 1288 1513 Ordinarii
1311 1478 1344 1512 a
1372 1463 1688 1528 permettere
1724 1463 1758 1490 “
1776 1462 1842 1511 ut
1867 1459 2019 1527 justa
2055 1463 2111 1510 et
2144 1459 2294 1527 gravi

390 1548 425 1575 “
443 1531 599 1596 causa
623 1545 998 1608 intercedente,
1023 1544 1323 1597 Sacerdotes
1360 1545 1461 1597 sibi
1499 1545 1703 1597 subditi
1737 1546 1902 1598 etiam
1937 1562 2031 1614 pro
2067 1545 2295 1597 secunda

391 1633 426 1660 ‘⁶
443 1630 607 1681 Missa
629 1631 688 1681 in
711 1631 896 1682 eadem
919 1631 1008 1683 die
1030 1631 1339 1684 celebranda
1362 1632 1690 1700 stipendium
1712 1632 1978 1700 percipere
2006 1631 2210 1700 possint
2231 1646 2294 1681 ac

390 1719 426 1747 ‘⁶
441 1715 698 1768 valeant.”
1290 1717 1294 1720 ’

535 1817 586 1868 9.
636 1815 692 1868 5⁰
728 1815 850 1868 Non
882 1833 1061 1870 occore
1097 1817 1166 1869 da
1189 1817 1385 1869 ultimo
1408 1820 1608 1880 notare,
1634 1815 1731 1868 che
1756 1817 1786 1868 ὲ
1810 1816 2014 1867 vietato
2037 1814 2090 1866 al
2115 1813 2293 1866 Sacer-

393 1901 516 1953 dote
552 1901 609 1952 di
648 1901 903 1954 celebrare
945 1903 1048 1955 due
1086 1903 1228 1955 volte
1257 1903 1310 1954 la
1333 1902 1525 1965 Messa,
1550 1901 1766 1970 qualora
1789 1918 1942 1970 possa
1965 1899 2134 1952 aversi
2159 1899 2295 1951 altro

394 1986 689 2049 Sacerdote,
727 1987 815 2055 pel
864 1988 952 2056 cui
994 1995 1169 2039 mezzo
1211 2003 1364 2055 possa
1406 1986 1708 2038 soddisfarsi
1748 1985 1855 2037 alla
1902 1985 2159 2037 necessita
2207 1984 2295 2035 del

393 2073 600 2140 pop010‚
625 2087 773 2123 come
796 2073 1015 2142 insegna
1032 2076 1446 2141 >espressamente
1471 2071 1669 2124 Bened.
1695 2070 1847 2122 XIV.
1867 2070 2010 2122 nella
2032 2070 2295 2138 precitata

396 2154 915 2209 Costss—-Declarasti
957 2155 1133 2210 nobis.
1209 2158 1292 2210 Ed
1318 2159 1348 2210 e
1372 2157 1564 2226 percio,
1589 2157 1684 2208 che
1708 2156 1882 2224 prima
1906 2155 1963 2206 di
1988 2155 2112 2206 sarsi
2135 2153 2295 2223 luogo

394 2242 500 2293 alla
537 2241 830 2305 binazione,
863 2243 1117 2294 conviene
1158 2243 1449 2295 esaminare
1492 2259 1546 2295 se
1588 2242 1645 2293 vi
1681 2242 1760 2294 sia
1784 2241 1974 2292 alcuno
1998 2239 2078 2291 de’
2102 2238 2294 2291 rimedi

395 2327 620 2380 stabiliti
663 2328 751 2379 dal
793 2328 981 2379 diritto
1022 2344 1116 2396 per
1157 2328 1472 2396 provveder-e
1511 2327 1616 2379 allo
1659 2325 1938 2395 spirituale
1962 2325 2182 2394 bisogno
2207 2323 2295 2376 del

395 2413 619 2482 popolo;
657 2430 686 2464 e
710 2412 988 2482 dapprima
1013 2414 1042 2465 e
1067 2417 1255 2465 tenuto
1279 2413 1322 2464 il
1354 2429 1566 2481 parroco
1609 2416 1770 2464 stesso
1809 2427 1842 2462 a
1884 2409 2295 2462 somministrare

394 2498 463 2549 ad
500 2513 576 2549 un
617 2498 752 2549 altro
792 2497 1072 2550 Sacerdote
1111 2498 1163 2549 lo
1207 2498 1507 2566 stipendi03
1544 2500 1697 2565 posta
1725 2495 2061 2563 l'impotenza
2085 2493 2143 2544 di
2166 2509 2294 2556 ess0‚
2383 2499 2386 2502 ’

394 2584 449 2635 vi
494 2585 525 2635 e
562 2587 748 2635 tenuto
789 2583 831 2634 il
873 2583 1098 2651 popolo;
1135 2600 1165 2634 e
1205 2582 1535 2646 finalmente,
1577 2599 1630 2634 se
1662 2598 1898 2650 neppure
1921 2580 1963 2632 il
1986 2579 2177 2649 popolo
2202 2593 2294 2647 per

392 2669 447 2721 la
487 2686 580 2721 sua
619 2669 853 2737 poverta,
887 2667 944 2719 vi
982 2668 1026 2719 si
1058 2670 1262 2736 potesse
1298 2668 1634 2737 costringere,
1669 2668 1724 2718 vi
1763 2665 2021 2719 dovrebbe
2057 2663 2291 2733 supplire

395 2752 748 2807 l'OrdinariO.1

543 2855 628 2905 10.
665 2851 773 2903 Fin
807 2853 902 2920 qui
944 2851 1030 2903 dei
1067 2853 1173 2904 casi
1211 2853 1270 2904 in
1309 2852 1397 2904 cui
1441 2853 1471 2903 e
1509 2851 1740 2920 proibito
1779 2851 1964 2902 iterare
2006 2848 2061 2900 la
2101 2847 2291 2899 Messa.

397 2939 651 2991 Venendo
689 2955 778 2990 ora
815 2938 867 2989 ai
910 2938 1018 2990 casi
1042 2938 1101 2988 in
1125 2937 1214 2989 cui
1238 2954 1479 2988 concorre
1503 2937 1556 2988 la
1579 2936 1836 2987 necessita
1859 2934 2106 2986 richiesta
2130 2950 2162 2984 a
2185 2932 2294 2984 tale

398 3026 599 3089 effetto,
614 3024 846 3076 trovansi
868 3025 890 3075 i
914 3023 1191 3074 medesimi
1231 3023 1388 3075 svolti
1427 3023 1568 3074 nella
1606 3021 1746 3075 Oost.
1771 3015 2083 3072 Declarasti
2106 3015 2166 3068 N
2161 3014 2291 3069 obis.

398 3111 466 3162 In
490 3128 601 3162 essa
625 3111 670 3161 si
694 3125 892 3161 osserva
915 3109 1361 3177 primieramente,
1381 3106 1478 3158 che
1493 3107 1714 3159 secondo
1738 3105 2023 3156 l’unanime
2048 3118 2294 3154 consenso

399 3196 477 3247 de’
511 3195 726 3263 Teologi
770 3195 814 3245 si
852 3198 1111 3262 permette
1135 3194 1316 3244 binare
1339 3193 1392 3243 la
1416 3193 1591 3243 Messa
1616 3191 1668 3242 al
1695 3190 1972 3243 Sacerdote
1997 3193 2032 3219 ‘⁶
2047 3189 2140 3255 qui
2165 3177 2294 3238 duas

399 3279 679 3331 Parochias
717 3279 975 3341 obtineat,
1013 3278 1099 3329 vel
1142 3279 1273 3330 duos
1310 3277 1533 3345 populos
1571 3277 1702 3327 adeo
1745 3275 2022 3342 sejunctOS‚
2061 3276 2125 3323 ut
2162 3271 2296 3322 alter

398 3366 682 3433 “ipsorum
706 3363 938 3415 Parocho
976 3363 1262 3415 celebranti
1304 3380 1396 3430 per
1438 3363 1549 3414 dies
1591 3362 1748 3412 festos
1771 3360 1945 3411 adesse
1968 3357 2115 3409 nullo
2135 3357 2294 3408 modo

545 3516 562 3540 ²
593 3516 698 3557 Ben.
720 3514 847 3556 XIV.
871 3517 909 3555 1.
930 3513 1002 3555 cit.
1024 3513 1137 3555 Voto
1155 3511 1224 3554 del
1242 3510 1365 3553 Card.
1387 3509 1542 3552 Zelada
1564 3509 1749 3550 Thesaur.
1779 3507 2056 3549 ruolutionum
2080 3505 2200 3547 Tom.
2223 3504 2290 3557 37,

397 3586 445 3626 in
463 3595 588 3626 causa
603 3581 859 3624 Derthusen.
883 3581 934 3621 25
952 3580 1115 3632 Agosto
1136 3579 1252 3621 1768.

2479 310 2497 349 ⁷7,
