<?xml version="1.0" encoding="UTF-8"?>
<!DOCTYPE html PUBLIC "-//W3C//DTD XHTML 1.0 Transitional//EN"
    "http://www.w3.org/TR/xhtml1/DTD/xhtml1-transitional.dtd">
<html xmlns="http://www.w3.org/1999/xhtml" xml:lang="en" lang="en">
 <head>
  <title>
</title>
<meta http-equiv="Content-Type" content="text/html;charset=utf-8" />
  <meta name='ocr-system' content='tesseract 3.04.00' />
  <meta name='ocr-capabilities' content='ocr_page ocr_carea ocr_par ocr_line ocrx_word'/>
</head>
<body>
  <div class='ocr_page' id='page_1' title='image "a613743300cathuoft_0038.png"; bbox 0 0 2514 4504; ppageno 0'>
   <div class='ocr_carea' id='block_1_1' title="bbox 426 472 1734 539">
    <p class='ocr_par' dir='ltr' id='par_1_1' title="bbox 426 472 1734 539">
     <span class='ocr_line' id='line_1_1' title="bbox 426 472 1734 539; baseline -0.016 -4"><span class='ocrx_word' id='word_1_1' title='bbox 426 472 510 534; x_wconf 82' lang='lat'>20</span> <span class='ocrx_word' id='word_1_2' title='bbox 1004 483 1165 526; x_wconf 63' lang='lat' dir='ltr'>conc,</span> <span class='ocrx_word' id='word_1_3' title='bbox 1210 480 1378 523; x_wconf 78' lang='lat' dir='ltr'>PRov.</span> <span class='ocrx_word' id='word_1_4' title='bbox 1423 478 1649 539; x_wconf 67' lang='lat' dir='ltr'>wss&#39;rM.</span> <span class='ocrx_word' id='word_1_5' title='bbox 1697 474 1734 514; x_wconf 92' lang='lat'>1.</span> 
     </span>
    </p>
   </div>
   <div class='ocr_carea' id='block_1_2' title="bbox 418 621 2385 1205">
    <p class='ocr_par' dir='ltr' id='par_1_2' title="bbox 418 621 2385 1205">
     <span class='ocr_line' id='line_1_2' title="bbox 418 621 2323 691; baseline -0.009 -5"><span class='ocrx_word' id='word_1_6' title='bbox 418 636 498 687; x_wconf 89' lang='lat' dir='ltr'>ita</span> <span class='ocrx_word' id='word_1_7' title='bbox 520 638 584 685; x_wconf 88' lang='lat' dir='ltr'>ut</span> <span class='ocrx_word' id='word_1_8' title='bbox 608 633 696 684; x_wconf 86' lang='lat' dir='ltr'>vix</span> <span class='ocrx_word' id='word_1_9' title='bbox 721 632 903 683; x_wconf 91' lang='lat' dir='ltr'>decore</span> <span class='ocrx_word' id='word_1_10' title='bbox 926 626 1283 681; x_wconf 89' lang='lat' dir='ltr'>administrari</span> <span class='ocrx_word' id='word_1_11' title='bbox 1317 626 1376 677; x_wconf 90' lang='lat' dir='ltr'>in</span> <span class='ocrx_word' id='word_1_12' title='bbox 1409 625 1476 675; x_wconf 88' lang='lat' dir='ltr'>iis</span> <span class='ocrx_word' id='word_1_13' title='bbox 1511 623 1678 691; x_wconf 90' lang='lat' dir='ltr'>possit</span> <span class='ocrx_word' id='word_1_14' title='bbox 1702 621 1758 673; x_wconf 81' lang='lat' dir='ltr'>S.</span> <span class='ocrx_word' id='word_1_15' title='bbox 1785 621 2079 682; x_wconf 88' lang='lat' dir='ltr'>Viaticum‚</span> <span class='ocrx_word' id='word_1_16' title='bbox 2102 633 2323 687; x_wconf 83' lang='lat' dir='ltr'>magno-</span> 
     </span>
     <span class='ocr_line' id='line_1_3' title="bbox 419 703 2324 788; baseline -0.009 -18"><span class='ocrx_word' id='word_1_17' title='bbox 419 735 541 788; x_wconf 89' lang='lat' dir='ltr'>pere</span> <span class='ocrx_word' id='word_1_18' title='bbox 582 716 907 768; x_wconf 89' lang='lat' dir='ltr'>laudandum</span> <span class='ocrx_word' id='word_1_19' title='bbox 947 731 1101 764; x_wconf 89' lang='lat' dir='ltr'>usum</span> <span class='ocrx_word' id='word_1_20' title='bbox 1139 711 1478 772; x_wconf 77' lang='lat' dir='ltr'>declaramUS,</span> <span class='ocrx_word' id='word_1_21' title='bbox 1514 714 1570 759; x_wconf 89' lang='lat' dir='ltr'>et</span> <span class='ocrx_word' id='word_1_22' title='bbox 1605 706 1851 758; x_wconf 89' lang='lat' dir='ltr'>omnibus</span> <span class='ocrx_word' id='word_1_23' title='bbox 1889 703 2324 755; x_wconf 86' lang='lat' dir='ltr'>commendatum</span> 
     </span>
     <span class='ocr_line' id='line_1_4' title="bbox 422 786 2385 864; baseline -0.01 -9"><span class='ocrx_word' id='word_1_24' title='bbox 422 803 679 864; x_wconf 82' lang='lat' dir='ltr'>volumuS,</span> <span class='ocrx_word' id='word_1_25' title='bbox 705 800 971 852; x_wconf 88' lang='lat' dir='ltr'>deferendi</span> <span class='ocrx_word' id='word_1_26' title='bbox 997 813 1191 859; x_wconf 88' lang='lat' dir='ltr'>secum,</span> <span class='ocrx_word' id='word_1_27' title='bbox 1216 795 1301 847; x_wconf 89' lang='lat' dir='ltr'>vel</span> <span class='ocrx_word' id='word_1_28' title='bbox 1337 791 1736 862; x_wconf 90' lang='lat' dir='ltr'>praemittendi,</span> <span class='ocrx_word' id='word_1_29' title='bbox 1772 789 2043 858; x_wconf 79' lang='lat' dir='ltr'>capsulam</span> <span class='ocrx_word' id='word_1_30' title='bbox 2080 786 2324 840; x_wconf 90' lang='lat' dir='ltr'>omnibus</span> <span class='ocrx_word' id='word_1_31' title='bbox 2382 841 2385 844; x_wconf 64' lang='grc'><em>,</em></span> 
     </span>
     <span class='ocr_line' id='line_1_5' title="bbox 421 872 2325 955; baseline -0.008 -17"><span class='ocrx_word' id='word_1_32' title='bbox 421 887 686 955; x_wconf 71' lang='lat' dir='ltr'>requisitis</span> <span class='ocrx_word' id='word_1_33' title='bbox 728 886 1060 945; x_wconf 70' lang='lat' dir='ltr'><strong>instructam,</strong></span> <span class='ocrx_word' id='word_1_34' title='bbox 1096 882 1164 932; x_wconf 89' lang='lat' dir='ltr'>ad</span> <span class='ocrx_word' id='word_1_35' title='bbox 1200 882 1474 931; x_wconf 90' lang='lat' dir='ltr'>decentem</span> <span class='ocrx_word' id='word_1_36' title='bbox 1511 878 1681 928; x_wconf 89' lang='lat' dir='ltr'>sancti</span> <span class='ocrx_word' id='word_1_37' title='bbox 1719 874 2034 927; x_wconf 74' lang='lat' dir='ltr'>sacramenti</span> <span class='ocrx_word' id='word_1_38' title='bbox 2070 872 2325 924; x_wconf 86' lang='lat' dir='ltr'>adminis-</span> 
     </span>
     <span class='ocr_line' id='line_1_6' title="bbox 423 959 2374 1035; baseline -0.008 -13"><span class='ocrx_word' id='word_1_39' title='bbox 423 973 723 1022; x_wconf 89' lang='lat' dir='ltr'>trationem.</span> <span class='ocrx_word' id='word_1_40' title='bbox 798 968 1200 1035; x_wconf 78' lang='lat' dir='ltr'>Quamprimum</span> <span class='ocrx_word' id='word_1_41' title='bbox 1224 965 1338 1015; x_wconf 91' lang='lat' dir='ltr'>fieri</span> <span class='ocrx_word' id='word_1_42' title='bbox 1362 964 1545 1030; x_wconf 89' lang='lat' dir='ltr'>possit,</span> <span class='ocrx_word' id='word_1_43' title='bbox 1570 962 1722 1030; x_wconf 81' lang='lat' dir='ltr'>pyxis</span> <span class='ocrx_word' id='word_1_44' title='bbox 1746 965 1867 1028; x_wconf 92' lang='lat' dir='ltr'>post</span> <span class='ocrx_word' id='word_1_45' title='bbox 1899 959 2325 1010; x_wconf 89' lang='lat' dir='ltr'>communionem</span> <span class='ocrx_word' id='word_1_46' title='bbox 2371 1010 2374 1012; x_wconf 72' lang='grc'>,</span> 
     </span>
     <span class='ocr_line' id='line_1_7' title="bbox 423 1041 2325 1114; baseline -0.008 -7"><span class='ocrx_word' id='word_1_47' title='bbox 423 1056 748 1107; x_wconf 89' lang='lat' dir='ltr'>infirmorum</span> <span class='ocrx_word' id='word_1_48' title='bbox 772 1054 840 1104; x_wconf 93' lang='lat' dir='ltr'>ad</span> <span class='ocrx_word' id='word_1_49' title='bbox 865 1052 1137 1104; x_wconf 88' lang='lat' dir='ltr'>ecclesiam</span> <span class='ocrx_word' id='word_1_50' title='bbox 1160 1050 1438 1111; x_wconf 87' lang='lat' dir='ltr'>deferatur,</span> <span class='ocrx_word' id='word_1_51' title='bbox 1462 1052 1517 1098; x_wconf 89' lang='lat' dir='ltr'>et</span> <span class='ocrx_word' id='word_1_52' title='bbox 1543 1063 1708 1114; x_wconf 86' lang='lat' dir='ltr'>usque</span> <span class='ocrx_word' id='word_1_53' title='bbox 1731 1046 1799 1096; x_wconf 88' lang='lat' dir='ltr'>ad</span> <span class='ocrx_word' id='word_1_54' title='bbox 1817 1043 2242 1114; x_wconf 87' lang='lat' dir='ltr'>purificationem</span> <span class='ocrx_word' id='word_1_55' title='bbox 2265 1041 2325 1092; x_wconf 90' lang='lat' dir='ltr'>in</span> 
     </span>
     <span class='ocr_line' id='line_1_8' title="bbox 429 1139 1103 1205; baseline -0.007 -15"><span class='ocrx_word' id='word_1_56' title='bbox 429 1139 782 1190; x_wconf 88' lang='lat' dir='ltr'>Tabernaculo</span> <span class='ocrx_word' id='word_1_57' title='bbox 807 1140 1103 1205; x_wconf 70' lang='lat' dir='ltr'>reponatur.</span> 
     </span>
    </p>
   </div>
   <div class='ocr_carea' id='block_1_3' title="bbox 426 1221 2357 1636">
    <p class='ocr_par' dir='ltr' id='par_1_3' title="bbox 426 1221 2357 1636">
     <span class='ocr_line' id='line_1_9' title="bbox 571 1221 2357 1295; baseline -0.006 -13"><span class='ocrx_word' id='word_1_58' title='bbox 571 1234 654 1282; x_wconf 89' lang='lat'>13.</span> <span class='ocrx_word' id='word_1_59' title='bbox 704 1230 926 1281; x_wconf 89' lang='lat' dir='ltr'>Hostiae</span> <span class='ocrx_word' id='word_1_60' title='bbox 968 1231 1312 1290; x_wconf 88' lang='lat' dir='ltr'>consecratae,</span> <span class='ocrx_word' id='word_1_61' title='bbox 1356 1227 1467 1278; x_wconf 88' lang='lat' dir='ltr'>sive</span> <span class='ocrx_word' id='word_1_62' title='bbox 1514 1243 1610 1295; x_wconf 92' lang='lat' dir='ltr'>pro</span> <span class='ocrx_word' id='word_1_63' title='bbox 1651 1226 2020 1277; x_wconf 90' lang='lat' dir='ltr'>communione</span> <span class='ocrx_word' id='word_1_64' title='bbox 2066 1221 2326 1285; x_wconf 90' lang='lat' dir='ltr'>fidelium,</span> <span class='ocrx_word' id='word_1_65' title='bbox 2354 1270 2357 1272; x_wconf 75' lang='grc'>,</span> 
     </span>
     <span class='ocr_line' id='line_1_10' title="bbox 426 1306 2328 1384; baseline -0.005 -16"><span class='ocrx_word' id='word_1_66' title='bbox 426 1318 533 1368; x_wconf 89' lang='lat' dir='ltr'>sive</span> <span class='ocrx_word' id='word_1_67' title='bbox 557 1333 649 1384; x_wconf 92' lang='lat' dir='ltr'>pro</span> <span class='ocrx_word' id='word_1_68' title='bbox 664 1314 1023 1366; x_wconf 87' lang='lat' dir='ltr'>benedictione</span> <span class='ocrx_word' id='word_1_69' title='bbox 1051 1312 1383 1362; x_wconf 84' lang='lat' dir='ltr'>Sanctissimi</span> <span class='ocrx_word' id='word_1_70' title='bbox 1410 1312 1752 1372; x_wconf 86' lang='lat' dir='ltr'>Sacramenti,</span> <span class='ocrx_word' id='word_1_71' title='bbox 1777 1310 2076 1377; x_wconf 90' lang='lat' dir='ltr'>frequenter</span> <span class='ocrx_word' id='word_1_72' title='bbox 2090 1306 2328 1360; x_wconf 83' lang='lat' dir='ltr'>renovari</span> 
     </span>
     <span class='ocr_line' id='line_1_11' title="bbox 426 1393 2328 1466; baseline -0.005 -14"><span class='ocrx_word' id='word_1_73' title='bbox 426 1401 634 1452; x_wconf 88' lang='lat' dir='ltr'>debent.</span> <span class='ocrx_word' id='word_1_74' title='bbox 708 1399 752 1449; x_wconf 88' lang='grc' dir='ltr'>Ρ</span> <span class='ocrx_word' id='word_1_75' title='bbox 754 1399 868 1466; x_wconf 85' lang='lat' dir='ltr'>yxis</span> <span class='ocrx_word' id='word_1_76' title='bbox 893 1399 1057 1449; x_wconf 87' lang='lat' dir='ltr'>etiam</span> <span class='ocrx_word' id='word_1_77' title='bbox 1081 1396 1349 1464; x_wconf 87' lang='lat' dir='ltr'>purificari</span> <span class='ocrx_word' id='word_1_78' title='bbox 1387 1396 1561 1458; x_wconf 88' lang='lat' dir='ltr'>debet,</span> <span class='ocrx_word' id='word_1_79' title='bbox 1599 1397 1678 1445; x_wconf 80' lang='lat' dir='ltr'>ita</span> <span class='ocrx_word' id='word_1_80' title='bbox 1715 1399 1780 1444; x_wconf 88' lang='lat' dir='ltr'>ut</span> <span class='ocrx_word' id='word_1_81' title='bbox 1817 1395 2113 1462; x_wconf 85' lang='lat' dir='ltr'>fragmenta</span> <span class='ocrx_word' id='word_1_82' title='bbox 2148 1393 2328 1444; x_wconf 85' lang='lat' dir='ltr'>minu-</span> 
     </span>
     <span class='ocr_line' id='line_1_12' title="bbox 426 1478 2328 1550; baseline -0.004 -14"><span class='ocrx_word' id='word_1_83' title='bbox 426 1487 562 1536; x_wconf 88' lang='lat' dir='ltr'>tiora</span> <span class='ocrx_word' id='word_1_84' title='bbox 596 1486 654 1535; x_wconf 89' lang='lat' dir='ltr'>in</span> <span class='ocrx_word' id='word_1_85' title='bbox 677 1501 738 1534; x_wconf 90' lang='lat' dir='ltr'>ea</span> <span class='ocrx_word' id='word_1_86' title='bbox 765 1500 870 1534; x_wconf 92' lang='lat' dir='ltr'>non</span> <span class='ocrx_word' id='word_1_87' title='bbox 896 1486 1257 1550; x_wconf 76' lang='lat' dir='ltr'>congerantur,</span> <span class='ocrx_word' id='word_1_88' title='bbox 1283 1497 1405 1530; x_wconf 91' lang='lat' dir='ltr'>cum</span> <span class='ocrx_word' id='word_1_89' title='bbox 1431 1480 1664 1548; x_wconf 91' lang='lat' dir='ltr'>periculo</span> <span class='ocrx_word' id='word_1_90' title='bbox 1688 1479 1855 1531; x_wconf 90' lang='lat' dir='ltr'>etiam</span> <span class='ocrx_word' id='word_1_91' title='bbox 1879 1479 2245 1531; x_wconf 84' lang='lat' dir='ltr'>irreverentiae</span> <span class='ocrx_word' id='word_1_92' title='bbox 2267 1478 2328 1528; x_wconf 91' lang='lat' dir='ltr'>in</span> 
     </span>
     <span class='ocr_line' id='line_1_13' title="bbox 427 1560 1191 1636; baseline -0.007 -14"><span class='ocrx_word' id='word_1_93' title='bbox 427 1569 845 1622; x_wconf 88' lang='lat' dir='ltr'>administrando</span> <span class='ocrx_word' id='word_1_94' title='bbox 870 1565 960 1636; x_wconf 72' lang='grc'>(1).</span> <span class='ocrx_word' id='word_1_95' title='bbox 1189 1560 1191 1562; x_wconf 55' lang='grc'><strong>’</strong></span> 
     </span>
    </p>
   </div>
   <div class='ocr_carea' id='block_1_4' title="bbox 426 1656 2358 1902">
    <p class='ocr_par' dir='ltr' id='par_1_4' title="bbox 426 1656 2358 1902">
     <span class='ocr_line' id='line_1_14' title="bbox 572 1656 2358 1728; baseline -0.002 -14"><span class='ocrx_word' id='word_1_96' title='bbox 572 1665 656 1714; x_wconf 88' lang='grc'>14.</span> <span class='ocrx_word' id='word_1_97' title='bbox 707 1656 984 1723; x_wconf 72' lang='lat' dir='ltr'>Similiter,</span> <span class='ocrx_word' id='word_1_98' title='bbox 1009 1664 1043 1691; x_wconf 76' lang='lat'>‘⁶</span> <span class='ocrx_word' id='word_1_99' title='bbox 1062 1659 1394 1722; x_wconf 89' lang='lat' dir='ltr'>linteamina,</span> <span class='ocrx_word' id='word_1_100' title='bbox 1412 1659 1716 1728; x_wconf 90' lang='lat' dir='ltr'>corporalia,</span> <span class='ocrx_word' id='word_1_101' title='bbox 1732 1659 1924 1728; x_wconf 89' lang='lat' dir='ltr'>pallae,</span> <span class='ocrx_word' id='word_1_102' title='bbox 1942 1663 1999 1711; x_wconf 90' lang='lat' dir='ltr'>et</span> <span class='ocrx_word' id='word_1_103' title='bbox 2023 1658 2129 1711; x_wconf 85' lang='lat' dir='ltr'>ah‘a</span> <span class='ocrx_word' id='word_1_104' title='bbox 2146 1658 2328 1711; x_wconf 83' lang='lat' dir='ltr'>altaris</span> <span class='ocrx_word' id='word_1_105' title='bbox 2355 1670 2358 1671; x_wconf 72' lang='grc'>’</span> 
     </span>
     <span class='ocr_line' id='line_1_15' title="bbox 426 1744 2331 1814; baseline -0.003 -14"><span class='ocrx_word' id='word_1_106' title='bbox 426 1749 757 1809; x_wconf 89' lang='lat' dir='ltr'>indumenta,</span> <span class='ocrx_word' id='word_1_107' title='bbox 782 1747 990 1814; x_wconf 83' lang='lat' dir='ltr'>integra</span> <span class='ocrx_word' id='word_1_108' title='bbox 1014 1745 1122 1796; x_wconf 91' lang='lat' dir='ltr'>sint</span> <span class='ocrx_word' id='word_1_109' title='bbox 1147 1748 1202 1795; x_wconf 90' lang='lat' dir='ltr'>et</span> <span class='ocrx_word' id='word_1_110' title='bbox 1233 1744 1600 1807; x_wconf 87' lang='lat' dir='ltr'>mundissima,</span> <span class='ocrx_word' id='word_1_111' title='bbox 1638 1749 1694 1795; x_wconf 90' lang='lat' dir='ltr'>et</span> <span class='ocrx_word' id='word_1_112' title='bbox 1731 1761 1881 1812; x_wconf 88' lang='lat' dir='ltr'>saepe</span> <span class='ocrx_word' id='word_1_113' title='bbox 1917 1744 2203 1796; x_wconf 81' lang='lat' dir='ltr'>abluantur</span> <span class='ocrx_word' id='word_1_114' title='bbox 2236 1760 2331 1812; x_wconf 87' lang='lat' dir='ltr'>per</span> 
     </span>
     <span class='ocr_line' id='line_1_16' title="bbox 427 1828 2331 1902; baseline -0.003 -17"><span class='ocrx_word' id='word_1_115' title='bbox 427 1850 665 1902; x_wconf 84' lang='lat' dir='ltr'>personas</span> <span class='ocrx_word' id='word_1_116' title='bbox 701 1848 733 1882; x_wconf 93' lang='lat' dir='ltr'>a</span> <span class='ocrx_word' id='word_1_117' title='bbox 770 1831 1057 1882; x_wconf 90' lang='lat' dir='ltr'>canonibus</span> <span class='ocrx_word' id='word_1_118' title='bbox 1092 1831 1374 1898; x_wconf 87' lang='lat' dir='ltr'>deputatas</span> <span class='ocrx_word' id='word_1_119' title='bbox 1394 1830 1424 1853; x_wconf 92' lang='lat'><strong>”</strong></span> <span class='ocrx_word' id='word_1_120' title='bbox 1465 1829 1695 1899; x_wconf 86' lang='lat' dir='ltr'>(scilicet</span> <span class='ocrx_word' id='word_1_121' title='bbox 1734 1830 1909 1901; x_wconf 90' lang='lat' dir='ltr'>quoad</span> <span class='ocrx_word' id='word_1_122' title='bbox 1952 1828 2239 1897; x_wconf 87' lang='lat' dir='ltr'>corparalia</span> <span class='ocrx_word' id='word_1_123' title='bbox 2273 1832 2331 1879; x_wconf 91' lang='lat' dir='ltr'>et</span> 
     </span>
    </p>
   </div>
   <div class='ocr_carea' id='block_1_5' title="bbox 426 1911 2331 2065">
    <p class='ocr_par' dir='ltr' id='par_1_5' title="bbox 426 1911 2331 2065">
     <span class='ocr_line' id='line_1_17' title="bbox 427 1911 2331 1987; baseline -0.003 -18"><span class='ocrx_word' id='word_1_124' title='bbox 427 1919 609 1987; x_wconf 88' lang='lat' dir='ltr'>pallas,</span> <span class='ocrx_word' id='word_1_125' title='bbox 645 1933 736 1984; x_wconf 92' lang='lat' dir='ltr'>per</span> <span class='ocrx_word' id='word_1_126' title='bbox 770 1917 946 1983; x_wconf 91' lang='lat' dir='ltr'>ipsum</span> <span class='ocrx_word' id='word_1_127' title='bbox 983 1911 1322 1977; x_wconf 82' lang='lat' dir='ltr'>sacerdotem,</span> <span class='ocrx_word' id='word_1_128' title='bbox 1345 1915 1442 1965; x_wconf 93' lang='lat' dir='ltr'>ubi</span> <span class='ocrx_word' id='word_1_129' title='bbox 1467 1915 1815 1966; x_wconf 90' lang='lat' dir='ltr'>subdiaconus</span> <span class='ocrx_word' id='word_1_130' title='bbox 1839 1932 1946 1966; x_wconf 90' lang='lat' dir='ltr'>non</span> <span class='ocrx_word' id='word_1_131' title='bbox 1977 1912 2172 1984; x_wconf 85' lang='lat' dir='ltr'>adest),-</span> <span class='ocrx_word' id='word_1_132' title='bbox 2209 1917 2243 1944; x_wconf 79' lang='lat'>‘⁶</span> <span class='ocrx_word' id='word_1_133' title='bbox 2260 1912 2331 1964; x_wconf 90' lang='lat' dir='ltr'>ad</span> 
     </span>
     <span class='ocr_line' id='line_1_18' title="bbox 426 1994 2330 2065; baseline -0.002 -14"><span class='ocrx_word' id='word_1_134' title='bbox 426 2001 771 2052; x_wconf 88' lang='lat' dir='ltr'>reverentiam</span> <span class='ocrx_word' id='word_1_135' title='bbox 811 2003 866 2050; x_wconf 92' lang='lat' dir='ltr'>et</span> <span class='ocrx_word' id='word_1_136' title='bbox 907 1998 1258 2065; x_wconf 85' lang='lat' dir='ltr'>praesentiam</span> <span class='ocrx_word' id='word_1_137' title='bbox 1303 1996 1591 2048; x_wconf 84' lang='lat' dir='ltr'>Salvatoris</span> <span class='ocrx_word' id='word_1_138' title='bbox 1633 1997 1815 2048; x_wconf 89' lang='lat' dir='ltr'>Nostri</span> <span class='ocrx_word' id='word_1_139' title='bbox 1855 2002 1913 2048; x_wconf 82' lang='lat' dir='ltr'>et</span> <span class='ocrx_word' id='word_1_140' title='bbox 1947 1997 2116 2048; x_wconf 90' lang='lat' dir='ltr'>totius</span> <span class='ocrx_word' id='word_1_141' title='bbox 2142 1994 2330 2047; x_wconf 85' lang='lat' dir='ltr'>Curiae</span> 
     </span>
    </p>
   </div>
   <div class='ocr_carea' id='block_1_6' title="bbox 427 2080 2331 2237">
    <p class='ocr_par' dir='ltr' id='par_1_6' title="bbox 427 2080 2331 2237">
     <span class='ocr_line' id='line_1_19' title="bbox 427 2080 2331 2151; baseline -0.002 -15"><span class='ocrx_word' id='word_1_142' title='bbox 427 2085 679 2146; x_wconf 78' lang='lat' dir='ltr'>coelestiS‚</span> <span class='ocrx_word' id='word_1_143' title='bbox 725 2100 886 2151; x_wconf 90' lang='lat' dir='ltr'>quam</span> <span class='ocrx_word' id='word_1_144' title='bbox 924 2082 1050 2133; x_wconf 91' lang='lat' dir='ltr'>huic</span> <span class='ocrx_word' id='word_1_145' title='bbox 1095 2081 1432 2134; x_wconf 83' lang='lat' dir='ltr'>Sacramento</span> <span class='ocrx_word' id='word_1_146' title='bbox 1475 2080 1819 2144; x_wconf 83' lang='lat' dir='ltr'>conficiendO,</span> <span class='ocrx_word' id='word_1_147' title='bbox 1860 2085 1917 2133; x_wconf 92' lang='lat' dir='ltr'>et</span> <span class='ocrx_word' id='word_1_148' title='bbox 1953 2081 2192 2132; x_wconf 88' lang='lat' dir='ltr'>confecto</span> <span class='ocrx_word' id='word_1_149' title='bbox 2222 2096 2331 2132; x_wconf 92' lang='lat' dir='ltr'>non</span> 
     </span>
     <span class='ocr_line' id='line_1_20' title="bbox 428 2166 1240 2237; baseline -0.005 -15"><span class='ocrx_word' id='word_1_150' title='bbox 428 2171 653 2222; x_wconf 89' lang='lat' dir='ltr'>dubium</span> <span class='ocrx_word' id='word_1_151' title='bbox 678 2178 758 2220; x_wconf 78' lang='lat' dir='ltr'>est</span> <span class='ocrx_word' id='word_1_152' title='bbox 782 2168 1061 2219; x_wconf 86' lang='lat' dir='ltr'>interesse’&#39;</span> <span class='ocrx_word' id='word_1_153' title='bbox 1087 2166 1177 2237; x_wconf 82' lang='lat'><strong>(2).</strong></span> <span class='ocrx_word' id='word_1_154' title='bbox 1238 2183 1240 2185; x_wconf 68' lang='grc'><strong><em>’</em></strong></span> 
     </span>
    </p>
   </div>
   <div class='ocr_carea' id='block_1_7' title="bbox 430 2258 2332 2670">
    <p class='ocr_par' dir='ltr' id='par_1_7' title="bbox 430 2258 2332 2670">
     <span class='ocr_line' id='line_1_21' title="bbox 575 2258 2331 2321; baseline -0.001 -9"><span class='ocrx_word' id='word_1_155' title='bbox 575 2264 658 2313; x_wconf 91' lang='grc'>15.</span> <span class='ocrx_word' id='word_1_156' title='bbox 709 2262 848 2312; x_wconf 91' lang='lat' dir='ltr'>Item</span> <span class='ocrx_word' id='word_1_157' title='bbox 873 2261 941 2312; x_wconf 88' lang='lat' dir='ltr'>ab</span> <span class='ocrx_word' id='word_1_158' title='bbox 965 2260 1111 2311; x_wconf 91' lang='lat' dir='ltr'>omni</span> <span class='ocrx_word' id='word_1_159' title='bbox 1135 2259 1242 2310; x_wconf 90' lang='lat' dir='ltr'>alia</span> <span class='ocrx_word' id='word_1_160' title='bbox 1264 2277 1319 2311; x_wconf 90' lang='lat' dir='ltr'>re</span> <span class='ocrx_word' id='word_1_161' title='bbox 1338 2275 1564 2310; x_wconf 86' lang='lat' dir='ltr'>vacuum</span> <span class='ocrx_word' id='word_1_162' title='bbox 1582 2259 1741 2311; x_wconf 87' lang='lat' dir='ltr'>debet</span> <span class='ocrx_word' id='word_1_163' title='bbox 1756 2276 1863 2310; x_wconf 88' lang='lat' dir='ltr'>esse</span> <span class='ocrx_word' id='word_1_164' title='bbox 1887 2258 2331 2321; x_wconf 81' lang='lat' dir='ltr'>Tabernaculum3</span> 
     </span>
     <span class='ocr_line' id='line_1_22' title="bbox 430 2344 2331 2415; baseline -0.001 -18"><span class='ocrx_word' id='word_1_165' title='bbox 430 2352 464 2378; x_wconf 88' lang='lat'>“</span> <span class='ocrx_word' id='word_1_166' title='bbox 482 2346 821 2415; x_wconf 88' lang='lat' dir='ltr'>quamobrem</span> <span class='ocrx_word' id='word_1_167' title='bbox 863 2361 960 2396; x_wconf 91' lang='lat' dir='ltr'>nec</span> <span class='ocrx_word' id='word_1_168' title='bbox 997 2361 1120 2396; x_wconf 89' lang='lat' dir='ltr'>vasa</span> <span class='ocrx_word' id='word_1_169' title='bbox 1155 2344 1259 2396; x_wconf 90' lang='lat' dir='ltr'>olei</span> <span class='ocrx_word' id='word_1_170' title='bbox 1296 2344 1350 2396; x_wconf 88' lang='lat' dir='ltr'>S.</span> <span class='ocrx_word' id='word_1_171' title='bbox 1389 2361 1485 2395; x_wconf 89' lang='lat' dir='ltr'>nec</span> <span class='ocrx_word' id='word_1_172' title='bbox 1523 2344 1736 2412; x_wconf 89' lang='lat' dir='ltr'>capsula</span> <span class='ocrx_word' id='word_1_173' title='bbox 1772 2345 2133 2412; x_wconf 89' lang='lat' dir='ltr'>reliquiarum,</span> <span class='ocrx_word' id='word_1_174' title='bbox 2162 2361 2331 2413; x_wconf 89' lang='lat' dir='ltr'>neque</span> 
     </span>
     <span class='ocr_line' id='line_1_23' title="bbox 430 2430 2332 2499; baseline -0.001 -16"><span class='ocrx_word' id='word_1_175' title='bbox 430 2432 584 2494; x_wconf 87' lang='lat' dir='ltr'>calix,</span> <span class='ocrx_word' id='word_1_176' title='bbox 607 2449 777 2499; x_wconf 91' lang='lat' dir='ltr'>neque</span> <span class='ocrx_word' id='word_1_177' title='bbox 800 2430 1237 2499; x_wconf 88' lang='lat' dir='ltr'>purificatorium,</span> <span class='ocrx_word' id='word_1_178' title='bbox 1258 2430 1338 2481; x_wconf 93' lang='lat' dir='ltr'>ibi</span> <span class='ocrx_word' id='word_1_179' title='bbox 1364 2431 1552 2481; x_wconf 85' lang='lat' dir='ltr'>servari</span> <span class='ocrx_word' id='word_1_180' title='bbox 1591 2430 1819 2482; x_wconf 86' lang='lat' dir='ltr'>debent:</span> <span class='ocrx_word' id='word_1_181' title='bbox 1858 2435 1923 2480; x_wconf 89' lang='lat' dir='ltr'>ut</span> <span class='ocrx_word' id='word_1_182' title='bbox 1946 2431 2164 2482; x_wconf 90' lang='lat' dir='ltr'>omnino</span> <span class='ocrx_word' id='word_1_183' title='bbox 2188 2447 2332 2482; x_wconf 85' lang='lat' dir='ltr'>sacra</span> 
     </span>
     <span class='ocr_line' id='line_1_24' title="bbox 430 2515 2332 2578; baseline 0 -11"><span class='ocrx_word' id='word_1_184' title='bbox 430 2517 763 2567; x_wconf 88' lang='lat' dir='ltr'>Eucharistia</span> <span class='ocrx_word' id='word_1_185' title='bbox 801 2533 923 2566; x_wconf 92' lang='lat' dir='ltr'>cum</span> <span class='ocrx_word' id='word_1_186' title='bbox 961 2532 1052 2566; x_wconf 89' lang='lat' dir='ltr'>suo</span> <span class='ocrx_word' id='word_1_187' title='bbox 1091 2532 1212 2567; x_wconf 91' lang='lat' dir='ltr'>vase</span> <span class='ocrx_word' id='word_1_188' title='bbox 1253 2516 1311 2565; x_wconf 92' lang='lat' dir='ltr'>in</span> <span class='ocrx_word' id='word_1_189' title='bbox 1351 2532 1413 2566; x_wconf 90' lang='lat' dir='ltr'>eo</span> <span class='ocrx_word' id='word_1_190' title='bbox 1455 2516 1719 2565; x_wconf 86' lang='lat' dir='ltr'>duntaxat</span> <span class='ocrx_word' id='word_1_191' title='bbox 1761 2516 2129 2578; x_wconf 76' lang='lat' dir='ltr'>conservetur3</span> <span class='ocrx_word' id='word_1_192' title='bbox 2183 2515 2332 2568; x_wconf 89' lang='lat' dir='ltr'>aliud</span> 
     </span>
     <span class='ocr_line' id='line_1_25' title="bbox 430 2597 1793 2670; baseline 0 -19"><span class='ocrx_word' id='word_1_193' title='bbox 430 2606 696 2670; x_wconf 86' lang='lat' dir='ltr'>praeterea</span> <span class='ocrx_word' id='word_1_194' title='bbox 718 2599 901 2650; x_wconf 87' lang='lat' dir='ltr'>nihil.”</span> <span class='ocrx_word' id='word_1_195' title='bbox 980 2597 1210 2668; x_wconf 73' lang='lat' dir='ltr'>(Concil.</span> <span class='ocrx_word' id='word_1_196' title='bbox 1239 2598 1464 2652; x_wconf 68' lang='lat' dir='ltr'>Mediol.</span> <span class='ocrx_word' id='word_1_197' title='bbox 1493 2600 1604 2662; x_wconf 89' lang='lat' dir='ltr'>1V.,</span> <span class='ocrx_word' id='word_1_198' title='bbox 1629 2617 1683 2667; x_wconf 88' lang='lat' dir='ltr'>p.</span> <span class='ocrx_word' id='word_1_199' title='bbox 1704 2599 1793 2669; x_wconf 81' lang='grc' dir='ltr'><strong>ΙΙ.)</strong></span> 
     </span>
    </p>
   </div>
   <div class='ocr_carea' id='block_1_8' title="bbox 430 2691 2332 3616">
    <p class='ocr_par' dir='ltr' id='par_1_8' title="bbox 430 2691 2332 3353">
     <span class='ocr_line' id='line_1_26' title="bbox 579 2691 2331 2758; baseline 0.002 -16"><span class='ocrx_word' id='word_1_200' title='bbox 579 2693 660 2744; x_wconf 88' lang='grc'>16.</span> <span class='ocrx_word' id='word_1_201' title='bbox 710 2691 789 2743; x_wconf 90' lang='lat' dir='ltr'>Ut</span> <span class='ocrx_word' id='word_1_202' title='bbox 830 2708 986 2742; x_wconf 90' lang='lat' dir='ltr'>omne</span> <span class='ocrx_word' id='word_1_203' title='bbox 1027 2692 1254 2742; x_wconf 90' lang='lat' dir='ltr'>dubium</span> <span class='ocrx_word' id='word_1_204' title='bbox 1296 2692 1362 2743; x_wconf 91' lang='lat' dir='ltr'>de</span> <span class='ocrx_word' id='word_1_205' title='bbox 1400 2692 1624 2742; x_wconf 86' lang='lat' dir='ltr'>materia</span> <span class='ocrx_word' id='word_1_206' title='bbox 1662 2693 1975 2743; x_wconf 85' lang='lat' dir='ltr'>sacramenti</span> <span class='ocrx_word' id='word_1_207' title='bbox 2008 2697 2331 2758; x_wconf 86' lang='lat' dir='ltr'>amoveatur,</span> 
     </span>
     <span class='ocr_line' id='line_1_27' title="bbox 430 2776 2332 2845; baseline 0.002 -17"><span class='ocrx_word' id='word_1_208' title='bbox 430 2793 535 2829; x_wconf 89' lang='lat' dir='ltr'>non</span> <span class='ocrx_word' id='word_1_209' title='bbox 578 2778 799 2828; x_wconf 88' lang='lat' dir='ltr'>cuilibet</span> <span class='ocrx_word' id='word_1_210' title='bbox 840 2778 1259 2845; x_wconf 89' lang='lat' dir='ltr'>permittendum</span> <span class='ocrx_word' id='word_1_211' title='bbox 1302 2781 1365 2828; x_wconf 88' lang='lat' dir='ltr'>ut</span> <span class='ocrx_word' id='word_1_212' title='bbox 1414 2776 1612 2828; x_wconf 90' lang='lat' dir='ltr'>hostias</span> <span class='ocrx_word' id='word_1_213' title='bbox 1655 2779 2025 2830; x_wconf 91' lang='lat' dir='ltr'>consecrandas</span> <span class='ocrx_word' id='word_1_214' title='bbox 2067 2779 2332 2844; x_wconf 86' lang='lat' dir='ltr'>conficiat,</span> 
     </span>
     <span class='ocr_line' id='line_1_28' title="bbox 433 2861 2331 2930; baseline 0.002 -18"><span class='ocrx_word' id='word_1_215' title='bbox 433 2863 523 2912; x_wconf 91' lang='lat' dir='ltr'>sed</span> <span class='ocrx_word' id='word_1_216' title='bbox 546 2863 776 2929; x_wconf 86' lang='lat' dir='ltr'>personis</span> <span class='ocrx_word' id='word_1_217' title='bbox 801 2862 997 2912; x_wconf 88' lang='lat' dir='ltr'>fiducia</span> <span class='ocrx_word' id='word_1_218' title='bbox 1021 2862 1216 2930; x_wconf 85' lang='lat' dir='ltr'>dignis,</span> <span class='ocrx_word' id='word_1_219' title='bbox 1239 2867 1314 2924; x_wconf 88' lang='lat' dir='ltr'>et,</span> <span class='ocrx_word' id='word_1_220' title='bbox 1338 2862 1384 2913; x_wconf 91' lang='lat' dir='ltr'>si</span> <span class='ocrx_word' id='word_1_221' title='bbox 1418 2861 1613 2930; x_wconf 90' lang='lat' dir='ltr'>placet,</span> <span class='ocrx_word' id='word_1_222' title='bbox 1649 2862 1967 2914; x_wconf 89' lang='lat' dir='ltr'>monialibus</span> <span class='ocrx_word' id='word_1_223' title='bbox 2002 2863 2101 2914; x_wconf 92' lang='lat' dir='ltr'>hoc</span> <span class='ocrx_word' id='word_1_224' title='bbox 2137 2881 2331 2915; x_wconf 90' lang='lat' dir='ltr'>munus</span> 
     </span>
     <span class='ocr_line' id='line_1_29' title="bbox 433 2945 2331 3016; baseline 0.003 -20"><span class='ocrx_word' id='word_1_225' title='bbox 433 2947 783 2998; x_wconf 88' lang='lat' dir='ltr'>concredatur.</span> <span class='ocrx_word' id='word_1_226' title='bbox 859 2945 1116 2997; x_wconf 79' lang='lat' dir='ltr'>Similiter</span> <span class='ocrx_word' id='word_1_227' title='bbox 1140 2947 1326 2997; x_wconf 86' lang='lat' dir='ltr'>vinum</span> <span class='ocrx_word' id='word_1_228' title='bbox 1351 2946 1418 2996; x_wconf 90' lang='lat' dir='ltr'>ad</span> <span class='ocrx_word' id='word_1_229' title='bbox 1444 2946 1775 3009; x_wconf 89' lang='lat' dir='ltr'>sacrificium,</span> <span class='ocrx_word' id='word_1_230' title='bbox 1799 2965 1906 2999; x_wconf 92' lang='lat' dir='ltr'>non</span> <span class='ocrx_word' id='word_1_231' title='bbox 1930 2965 1962 2998; x_wconf 92' lang='lat' dir='ltr'>a</span> <span class='ocrx_word' id='word_1_232' title='bbox 1991 2949 2331 3016; x_wconf 76' lang='lat' dir='ltr'>cauponibuS,</span> 
     </span>
     <span class='ocr_line' id='line_1_30' title="bbox 431 3030 2332 3098; baseline 0.003 -18"><span class='ocrx_word' id='word_1_233' title='bbox 431 3045 528 3080; x_wconf 89' lang='lat' dir='ltr'>nec</span> <span class='ocrx_word' id='word_1_234' title='bbox 571 3047 603 3081; x_wconf 90' lang='lat' dir='ltr'>a</span> <span class='ocrx_word' id='word_1_235' title='bbox 641 3030 880 3097; x_wconf 91' lang='lat' dir='ltr'>quolibet</span> <span class='ocrx_word' id='word_1_236' title='bbox 913 3030 1165 3097; x_wconf 90' lang='lat' dir='ltr'>oenopola</span> <span class='ocrx_word' id='word_1_237' title='bbox 1204 3034 1286 3081; x_wconf 87' lang='lat' dir='ltr'>est</span> <span class='ocrx_word' id='word_1_238' title='bbox 1318 3032 1746 3098; x_wconf 88' lang='lat' dir='ltr'>comparandum,</span> <span class='ocrx_word' id='word_1_239' title='bbox 1793 3049 1916 3082; x_wconf 93' lang='lat' dir='ltr'>cum</span> <span class='ocrx_word' id='word_1_240' title='bbox 1954 3035 2221 3084; x_wconf 91' lang='lat' dir='ltr'>notorium</span> <span class='ocrx_word' id='word_1_241' title='bbox 2258 3034 2332 3085; x_wconf 90' lang='lat' dir='ltr'>sit</span> 
     </span>
     <span class='ocr_line' id='line_1_31' title="bbox 434 3114 2330 3185; baseline 0.003 -21"><span class='ocrx_word' id='word_1_242' title='bbox 434 3116 690 3165; x_wconf 88' lang='lat' dir='ltr'>sincerum</span> <span class='ocrx_word' id='word_1_243' title='bbox 713 3116 899 3165; x_wconf 90' lang='lat' dir='ltr'>vinum</span> <span class='ocrx_word' id='word_1_244' title='bbox 923 3115 992 3165; x_wconf 90' lang='lat' dir='ltr'>ab</span> <span class='ocrx_word' id='word_1_245' title='bbox 1014 3114 1318 3181; x_wconf 91' lang='lat' dir='ltr'>hujusmodi</span> <span class='ocrx_word' id='word_1_246' title='bbox 1350 3114 1654 3166; x_wconf 89' lang='lat' dir='ltr'>hominibus</span> <span class='ocrx_word' id='word_1_247' title='bbox 1692 3133 1844 3185; x_wconf 77' lang='lat' dir='ltr'>saepe</span> <span class='ocrx_word' id='word_1_248' title='bbox 1878 3133 1985 3168; x_wconf 92' lang='lat' dir='ltr'>non</span> <span class='ocrx_word' id='word_1_249' title='bbox 2014 3119 2202 3179; x_wconf 81' lang='lat' dir='ltr'>vendi3</span> <span class='ocrx_word' id='word_1_250' title='bbox 2240 3119 2330 3170; x_wconf 90' lang='lat' dir='ltr'>sed</span> 
     </span>
     <span class='ocr_line' id='line_1_32' title="bbox 433 3192 2331 3271; baseline 0.003 -23"><span class='ocrx_word' id='word_1_251' title='bbox 433 3199 603 3248; x_wconf 89' lang='lat' dir='ltr'>omnis</span> <span class='ocrx_word' id='word_1_252' title='bbox 639 3198 919 3267; x_wconf 87' lang='lat' dir='ltr'>diligentia</span> <span class='ocrx_word' id='word_1_253' title='bbox 954 3203 1035 3250; x_wconf 88' lang='lat' dir='ltr'>est</span> <span class='ocrx_word' id='word_1_254' title='bbox 1070 3199 1383 3263; x_wconf 87' lang='lat' dir='ltr'>adhibenda,</span> <span class='ocrx_word' id='word_1_255' title='bbox 1419 3201 1726 3251; x_wconf 86' lang='lat' dir='ltr'>curantibus</span> <span class='ocrx_word' id='word_1_256' title='bbox 1765 3202 1930 3252; x_wconf 89' lang='lat' dir='ltr'>etiam</span> <span class='ocrx_word' id='word_1_257' title='bbox 1967 3192 2244 3271; x_wconf 75' lang='lat' dir='ltr'>episcopiS,</span> <span class='ocrx_word' id='word_1_258' title='bbox 2266 3207 2331 3254; x_wconf 91' lang='lat' dir='ltr'>ut</span> 
     </span>
     <span class='ocr_line' id='line_1_33' title="bbox 434 3282 2041 3353; baseline 0.004 -21"><span class='ocrx_word' id='word_1_259' title='bbox 434 3282 621 3332; x_wconf 85' lang='lat' dir='ltr'>vinum</span> <span class='ocrx_word' id='word_1_260' title='bbox 645 3282 709 3333; x_wconf 92' lang='lat' dir='ltr'>de</span> <span class='ocrx_word' id='word_1_261' title='bbox 734 3283 999 3351; x_wconf 87' lang='lat' dir='ltr'>genimine</span> <span class='ocrx_word' id='word_1_262' title='bbox 1023 3283 1151 3333; x_wconf 86' lang='lat' dir='ltr'>vitis</span> <span class='ocrx_word' id='word_1_263' title='bbox 1174 3284 1486 3352; x_wconf 88' lang='lat' dir='ltr'>presbyteris</span> <span class='ocrx_word' id='word_1_264' title='bbox 1511 3285 1705 3353; x_wconf 90' lang='lat' dir='ltr'>ubique</span> <span class='ocrx_word' id='word_1_265' title='bbox 1730 3290 1935 3353; x_wconf 90' lang='lat' dir='ltr'>praesto</span> <span class='ocrx_word' id='word_1_266' title='bbox 1954 3287 2041 3338; x_wconf 91' lang='lat' dir='ltr'>sit.</span> 
     </span>
    </p>

    <p class='ocr_par' dir='ltr' id='par_1_9' title="bbox 433 3371 2330 3616">
     <span class='ocr_line' id='line_1_34' title="bbox 581 3371 2330 3447; baseline 0.006 -24"><span class='ocrx_word' id='word_1_267' title='bbox 581 3372 663 3425; x_wconf 89' lang='lat'>17.</span> <span class='ocrx_word' id='word_1_268' title='bbox 715 3371 849 3424; x_wconf 86' lang='lat' dir='ltr'>Cum</span> <span class='ocrx_word' id='word_1_269' title='bbox 885 3373 1071 3424; x_wconf 92' lang='lat' dir='ltr'>multis</span> <span class='ocrx_word' id='word_1_270' title='bbox 1107 3375 1166 3424; x_wconf 94' lang='lat' dir='ltr'>in</span> <span class='ocrx_word' id='word_1_271' title='bbox 1202 3374 1329 3426; x_wconf 92' lang='lat' dir='ltr'>locis</span> <span class='ocrx_word' id='word_1_272' title='bbox 1367 3376 1691 3443; x_wconf 87' lang='lat' dir='ltr'>impossibile</span> <span class='ocrx_word' id='word_1_273' title='bbox 1716 3378 1788 3428; x_wconf 91' lang='lat' dir='ltr'>sit</span> <span class='ocrx_word' id='word_1_274' title='bbox 1813 3378 1880 3430; x_wconf 92' lang='lat' dir='ltr'>ob</span> <span class='ocrx_word' id='word_1_275' title='bbox 1903 3379 2140 3447; x_wconf 91' lang='lat' dir='ltr'>inopiam</span> <span class='ocrx_word' id='word_1_276' title='bbox 2165 3396 2330 3433; x_wconf 85' lang='lat' dir='ltr'>sacer-</span> 
     </span>
     <span class='ocr_line' id='line_1_35' title="bbox 433 3452 2329 3533; baseline 0.005 -26"><span class='ocrx_word' id='word_1_277' title='bbox 433 3456 638 3519; x_wconf 90' lang='lat' dir='ltr'>dotum,</span> <span class='ocrx_word' id='word_1_278' title='bbox 663 3452 901 3508; x_wconf 89' lang='lat' dir='ltr'>omnium</span> <span class='ocrx_word' id='word_1_279' title='bbox 925 3458 1166 3510; x_wconf 91' lang='lat' dir='ltr'>fidelium</span> <span class='ocrx_word' id='word_1_280' title='bbox 1202 3461 1546 3512; x_wconf 85' lang='lat' dir='ltr'>confessiones</span> <span class='ocrx_word' id='word_1_281' title='bbox 1581 3462 1721 3512; x_wconf 90' lang='lat' dir='ltr'>inter</span> <span class='ocrx_word' id='word_1_282' title='bbox 1756 3464 2046 3515; x_wconf 91' lang='lat' dir='ltr'>terminum</span> <span class='ocrx_word' id='word_1_283' title='bbox 2079 3466 2329 3533; x_wconf 90' lang='lat' dir='ltr'>temporis</span> 
     </span>
     <span class='ocr_line' id='line_1_36' title="bbox 435 3539 2326 3616; baseline 0.006 -26"><span class='ocrx_word' id='word_1_284' title='bbox 435 3539 702 3591; x_wconf 88' lang='lat' dir='ltr'>Paschalis</span> <span class='ocrx_word' id='word_1_285' title='bbox 751 3543 1004 3610; x_wconf 84' lang='lat' dir='ltr'>excipere,</span> <span class='ocrx_word' id='word_1_286' title='bbox 1051 3559 1085 3595; x_wconf 88' lang='lat' dir='ltr'>a</span> <span class='ocrx_word' id='word_1_287' title='bbox 1133 3561 1338 3595; x_wconf 90' lang='lat' dir='ltr'>summo</span> <span class='ocrx_word' id='word_1_288' title='bbox 1380 3544 1641 3596; x_wconf 89' lang='lat' dir='ltr'>Pontifice</span> <span class='ocrx_word' id='word_1_289' title='bbox 1690 3548 1999 3615; x_wconf 89' lang='lat' dir='ltr'>suppliciter</span> <span class='ocrx_word' id='word_1_290' title='bbox 2037 3550 2326 3616; x_wconf 92' lang='lat' dir='ltr'>petendum</span> 
     </span>
    </p>
   </div>
   <div class='ocr_carea' id='block_1_9' title="bbox 434 3692 2328 3888">
    <p class='ocr_par' dir='ltr' id='par_1_10' title="bbox 434 3692 2328 3888">
     <span class='ocr_line' id='line_1_37' title="bbox 579 3692 2328 3750; baseline 0.005 -19"><span class='ocrx_word' id='word_1_291' title='bbox 579 3692 634 3744; x_wconf 94' lang='lat' dir='ltr'>(l)</span> <span class='ocrx_word' id='word_1_292' title='bbox 678 3692 758 3732; x_wconf 87' lang='lat' dir='ltr'>“N</span> <span class='ocrx_word' id='word_1_293' title='bbox 759 3705 805 3733; x_wconf 88' lang='lat' dir='ltr'>ec</span> <span class='ocrx_word' id='word_1_294' title='bbox 817 3693 931 3733; x_wconf 73' lang='lat' dir='ltr'>ultra</span> <span class='ocrx_word' id='word_1_295' title='bbox 942 3695 1101 3745; x_wconf 86' lang='lat' dir='ltr'>septem</span> <span class='ocrx_word' id='word_1_296' title='bbox 1118 3692 1207 3733; x_wconf 77' lang='lat' dir='ltr'>dies</span> <span class='ocrx_word' id='word_1_297' title='bbox 1225 3696 1524 3735; x_wconf 83' lang='lat' dir='ltr'>conserventur</span> <span class='ocrx_word' id='word_1_298' title='bbox 1541 3695 1717 3736; x_wconf 83' lang='lat' dir='ltr'>Hostiae</span> <span class='ocrx_word' id='word_1_299' title='bbox 1729 3698 1990 3738; x_wconf 73' lang='lat' dir='ltr'>consecratae</span> <span class='ocrx_word' id='word_1_300' title='bbox 2006 3711 2017 3747; x_wconf 91' lang='lat'>;</span> <span class='ocrx_word' id='word_1_301' title='bbox 2048 3698 2120 3738; x_wconf 85' lang='lat' dir='ltr'>sed</span> <span class='ocrx_word' id='word_1_302' title='bbox 2138 3698 2328 3750; x_wconf 75' lang='lat' dir='ltr'>qualibet</span> 
     </span>
     <span class='ocr_line' id='line_1_38' title="bbox 434 3757 2181 3817; baseline 0.004 -20"><span class='ocrx_word' id='word_1_303' title='bbox 434 3757 666 3809; x_wconf 72' lang='lat' dir='ltr'>septimana</span> <span class='ocrx_word' id='word_1_304' title='bbox 683 3758 985 3799; x_wconf 84' lang='lat' dir='ltr'>renoventur.’&#39;</span> <span class='ocrx_word' id='word_1_305' title='bbox 1046 3758 1243 3809; x_wconf 78' lang='lat' dir='ltr'>(Comtit.</span> <span class='ocrx_word' id='word_1_306' title='bbox 1253 3772 1366 3809; x_wconf 79' lang='lat' dir='ltr'>prov.</span> <span class='ocrx_word' id='word_1_307' title='bbox 1388 3773 1489 3799; x_wconf 77' lang='lat' dir='ltr'>cono.</span> <span class='ocrx_word' id='word_1_308' title='bbox 1515 3762 1651 3810; x_wconf 69' lang='lat' dir='ltr'>oxon„</span> <span class='ocrx_word' id='word_1_309' title='bbox 1675 3774 1740 3800; x_wconf 80' lang='lat' dir='ltr'>an.</span> <span class='ocrx_word' id='word_1_310' title='bbox 1762 3764 1884 3813; x_wconf 88' lang='grc'><strong>1222,</strong></span> <span class='ocrx_word' id='word_1_311' title='bbox 1906 3763 1970 3802; x_wconf 76' lang='lat' dir='ltr'>De</span> <span class='ocrx_word' id='word_1_312' title='bbox 1985 3764 2181 3817; x_wconf 73' lang='lat' dir='ltr'>Euchar.)</span> 
     </span>
     <span class='ocr_line' id='line_1_39' title="bbox 580 3819 2172 3888; baseline 0.003 -22"><span class='ocrx_word' id='word_1_313' title='bbox 580 3826 640 3888; x_wconf 75' lang='lat'>(2)</span> <span class='ocrx_word' id='word_1_314' title='bbox 677 3825 785 3867; x_wconf 72' lang='lat' dir='ltr'>ma.</span> <span class='ocrx_word' id='word_1_315' title='bbox 2170 3819 2172 3822; x_wconf 80' lang='grc'>’</span> 
     </span>
    </p>
   </div>
  </div>
 </body>
</html>
