2514 4504
742 1004 1470 1088 APPROBATIO.

988 1247 1242 1260 ——

857 1422 1350 1487 DECRETUM

257 1591 311 1645 s,
365 1588 1009 1644 GONGREGATIONIS
1064 1589 1161 1640 DE
1214 1589 1704 1643 PROPAGANDA
1754 1592 1949 1645 FIDE.

293 1743 553 1806 Secunda,
568 1745 690 1810 post
707 1740 1016 1793 restitutam
1035 1741 1095 1792 in
1109 1741 1306 1810 Anglia
1322 1743 1676 1811 episcopalem
1690 1743 2059 1811 hierarchiam,

148 1828 487 1900 provincialis
537 1826 781 1897 Synodus
821 1825 1009 1877 habita
1051 1829 1134 1877 est
1176 1827 1441 1895 superiore
1484 1844 1623 1880 anno
1666 1830 1810 1897 apud
1854 1830 2058 1896 Oscott,

149 1915 480 1985 praesidente
503 1913 947 1965 Eminentissimo
971 1929 1034 1963 ac
1059 1911 1515 1964 Reverendissimo
1539 1912 1771 1966 Domino
1791 1913 2060 1969 Cardinali

148 2000 420 2053 Wiseman
442 1999 851 2067 Archiepiscopo
873 1997 1447 2062 westmonasteriensi,
1471 1999 1589 2067 pari
1619 2017 1745 2051 cum
1782 2000 1962 2052 fructu
1997 2018 2060 2053 ac

148 2087 289 2156 prior
323 2101 463 2137 anno
504 2085 640 2135 1852
678 2079 1112 2153 inaugurabatur.
1186 2082 1337 2134 Actis
1373 2084 1559 2151 itaque
1592 2085 1809 2136 secundi
1835 2084 2061 2138 Concilii

151 2169 486 2241 provincialis
533 2168 1111 2221 westmonasteriensis
1159 2170 1444 2237 propositis
1490 2170 1551 2221 in
1599 2171 1834 2239 generali
1890 2188 2061 2224 sacrae

151 2255 588 2327 congregationis
613 2258 879 2306 conventu
904 2254 1015 2306 diei
1039 2256 1104 2304 21
1134 2253 1170 2306 J
1171 2254 1274 2306 ulii
1304 2255 1462 2319 1856,
1485 2256 1740 2307 referente
1777 2255 2063 2310 Eminent-

68 2343 74 2348 '
149 2342 333 2394 issimo
368 2357 430 2392 ac
467 2339 924 2391 Reverendissimo
961 2338 1193 2391 Domino
1231 2338 1501 2392 Cardinali
1537 2340 1811 2392 Ludovico
1850 2342 2062 2407 Altieri,

37 2476 39 2479 ,
151 2424 582 2479 Eminentissimi
606 2423 791 2475 Patres
816 2427 1134 2475 censuerunt
1168 2424 1506 2493 praedictum
1532 2423 1852 2490 Concilium,
1876 2429 2062 2500 paucis

151 2511 471 2581 quibusdam
510 2510 580 2561 ad
622 2508 906 2578 peculiaris
948 2509 1336 2574 instructioniS,
1373 2526 1510 2578 quae
1550 2510 1773 2563 insimul
1814 2513 2062 2579 traditur,

150 2599 374 2650 formam
396 2595 640 2658 redactiS,
665 2611 775 2646 esse
799 2595 1217 2662 approbandum.

294 2682 451 2734 Hanc
509 2697 632 2732 vero
697 2678 751 2731 S.
815 2678 1256 2749 Congregationis
1322 2683 1647 2734 sententiam
1714 2682 2062 2738 sanctissimo

150 2768 380 2821 Domino
415 2767 516 2818 Pio
551 2765 729 2833 Papae
763 2764 865 2816 IX.
894 2781 989 2833 per
1023 2758 1421 2834 infrascriptum
1459 2769 1799 2819 secretarium
1835 2769 2060 2822 relatam

150 2855 210 2906 in
232 2853 506 2905 audientia
530 2851 639 2902 diei
665 2849 732 2902 27
753 2849 790 2902 J
790 2850 890 2901 ulii
913 2850 1071 2913 1856,
1091 2849 1360 2902 Sanctitas
1379 2851 1488 2904 Sua
1505 2852 1744 2916 admisit,
1762 2855 2060 2923 annuitque

150 2939 302 2992 reddi
325 2939 616 2990 decretum.

293 3023 495 3075 Datum
519 3039 584 3073 ex
607 3021 844 3073 Aedibus
881 3019 936 3073 S.
967 3019 1405 3091 Congregationis
1440 3022 1506 3074 de
1541 3022 1890 3094 Propaganda
1925 3024 2058 3077 Fide

151 3107 238 3159 die
266 3107 342 3160 16-
356 3105 588 3175 Augusti
616 3104 773 3157 1856.

776 3278 878 3334 AL.
915 3277 1211 3332 cardinalis
1247 3278 1533 3344 BARNABO,
1568 3278 1912 3351 Praefectus.

107 3433 109 3435 ’
221 3455 286 3509 L.
321 3454 376 3507 »ιι
411 3453 467 3510 s.

604 3629 814 3695 OAmr„
851 3629 1290 3699 Archiepiscopus
1325 3629 1566 3693 Thebar„
1602 3645 1639 3682 a
1673 3628 1907 3684 secretis.
