2514 4504
994 406 1268 449 nscasra.
1954 392 2075 453 241

175 559 604 611 ecclesiasticum.
681 556 878 609 Merito
911 555 1130 624 proinde
1167 555 1377 623 scripsit
1409 554 1589 606 Guido
1615 556 1893 607 Aretinus:
1934 563 1967 588 ‘⁶
1988 558 2086 610 Ille

173 644 403 695 maxime
421 643 731 695 auctoritati
752 641 1019 693 Ecclesiae
1038 641 1375 703 contradicit,
1393 640 1489 708 qui
1508 644 1721 708 propter
1746 640 1875 692 alios
1900 651 2087 694 cantus

173 729 416 781 divinum
455 727 611 780 Beati
652 725 892 796 Gregorii
932 726 1148 794 penitus
1185 724 1638 793 praetermittit‚”1
1708 729 1743 756 “
1761 724 1960 778 Cantus
1985 729 2087 780 istc

173 814 263 866 ille
288 813 416 877 est,”
452 813 587 866 dicit
614 812 952 874 Benedictus,
973 811 1087 862 loco
1111 811 1320 874 citato?
1354 815 1389 842 ‘⁶
1405 811 1499 878 qui
1526 809 1767 861 fidelium
1793 813 1996 864 animos
2021 813 2088 865 ad

172 899 508 951 devotionem
532 903 587 951 et
610 899 872 967 pietatem
898 898 1130 949 excitat:
1168 895 1361 946 deinde
1386 895 1479 946 ille
1514 900 1595 947 est
1624 898 1736 964 qui,
1763 898 1806 948 si
1832 902 1973 949 recte
1998 899 2089 950 de·

112 1002 114 1004 “
173 990 455 1053 centerque
494 988 795 1053 peragatur,
826 983 884 1033 in
917 981 1019 1033 Dei
1052 981 1285 1032 ecclesiis
1315 996 1347 1030 a
1377 981 1481 1048 piis
1506 981 1812 1033 hominibus
1837 983 2089 1035 libentius

171 1070 415 1131 auditur3
453 1075 509 1121 et
542 1070 711 1131 alteri,
741 1068 835 1137 qui
868 1071 1056 1119 cantus
1095 1065 1431 1117 harmonicus
1472 1082 1564 1117 seu
1603 1067 1835 1118 musicus
1876 1069 2088 1132 dicitur,

171 1156 363 1206 merito
388 1152 724 1224 praefertur.’'
789 1192 795 1198 -

315 1239 473 1291 Porro
498 1238 759 1308 ejusmodi
784 1236 1203 1290 ecclesiasticum
1228 1236 1483 1288 cantandi
1509 1235 1745 1289 officium
1778 1239 2091 1291 exercebant

171 1325 347 1378 clerici
382 1324 528 1376 haud
563 1323 746 1392 procul
782 1323 850 1375 ab
889 1323 1063 1375 altari.
1141 1322 1473 1392 Quapropter
1511 1327 1781 1375 statutum
1807 1324 1915 1375 fuit
1941 1331 2005 1375 ut
2029 1326 2088 1376 in

172 1410 416 1462 omnibus
441 1410 804 1462 functionibus
829 1414 1066 1461 cantores
1090 1408 1283 1461 habitu
1316 1411 1428 1462 sive
1467 1413 1614 1462 veste
1648 1409 1877 1461 clericali
1921 1415 2093 1462 essent

171 1496 368 1547 induti.
442 1495 546 1557 Qui
580 1496 726 1547 enim
758 1495 1011 1547 cantandi
1040 1493 1213 1546 officio
1238 1495 1538 1564 funguntur
1564 1494 1871 1546 clericorum
1898 1512 2091 1547 munus

170 1580 485 1650 adimplent,
509 1584 670 1648 atque
694 1580 824 1632 adeo
849 1580 918 1631 ad
942 1579 1165 1631 modum
1193 1579 1505 1631 clericorum
1536 1596 1646 1631 sese
1670 1596 1848 1649 gerere
1874 1581 2087 1633 debent.

174 1665 331 1719 Unde
353 1669 506 1734 patet
530 1681 693 1734 quam
717 1663 1025 1734 longissime
1050 1664 1220 1715 distat
1242 1681 1276 1716 a
1300 1664 1590 1716 traditione
1615 1668 1672 1716 et
1696 1682 1796 1717 usu
1823 1663 2092 1718 Ecclesiae

173 1751 500 1803 consuetudo
543 1751 762 1802 chorum
805 1749 1079 1801 statuendi
1122 1764 1280 1818 supra
1321 1754 1532 1818 portam
1581 1749 1846 1802 Ecclesiae
1894 1751 2093 1819 princi-

173 1836 369 1905 palem.

315 1920 407 1986 Et,
454 1923 514 1974 in
572 1919 971 1974 Constitutione
1018 1917 1413 1990 Apostolicum
1461 1917 1873 1985 Asini-sterium,
1922 1920 2092 1972 Bene-

173 2007 348 2059 dictus
386 2007 536 2059 XIV.
574 2006 827 2057 admonet
863 2009 929 2057 ut
966 2005 1026 2057 in
1065 2004 1373 2057 Seminariis
1408 2008 1466 2057 et
1503 2003 1753 2075 Collegiis
1795 2023 1860 2058 ex
1900 2007 2092 2074 quibus

172 2091 491 2145 missionarii
532 2089 660 2142 cleri
702 2089 981 2142 saecularis
1023 2090 1083 2141 in
1125 2090 1380 2159 Angliam
1423 2090 1731 2155 mittentur,
1773 2091 1922 2143 nulla
1966 2091 2092 2142 dili-

172 2178 358 2249 gentia
389 2182 445 2229 et
477 2193 603 2229 cura
641 2177 1119 2245 praetermittatur,
1157 2180 1222 2228 ut
1259 2176 1467 2228 alumni
1505 2177 1576 2228 ad
1614 2194 1782 2230 sacras
1820 2178 2092 2229 missiones

173 2263 430 2316 destinati
454 2263 564 2314 sint
589 2260 766 2315 Cantu
791 2261 1137 2331 Gregoriano,
1162 2267 1425 2330 quantum
1449 2261 1566 2314 fieri
1590 2264 1805 2331 poterit,
1829 2264 2045 2314 imbuti.

321 2364 370 2413 1.
408 2359 698 2430 Sequentes
740 2362 912 2431 igitur
948 2360 1295 2412 traditionem
1338 2360 1624 2425 Ecclesiae,
1665 2364 1721 2412 et
1764 2360 1819 2413 S.
1866 2360 2091 2414 Concilii

171 2447 473 2500 Tridentini
510 2447 823 2509 sanctiones,
862 2462 1067 2498 necnon
1106 2444 1389 2497 Decretum
1433 2445 1605 2496 Primi
1658 2443 1884 2498 Concilii
1916 2446 2091 2498 West-

174 2532 599 2585 monasteriensis
633 2533 775 2583 xxvi.
802 2531 876 2595 50,
901 2532 1147 2584 districte
1177 2532 1494 2583 mandamus
1521 2535 1588 2582 ut
1619 2532 1677 2582 in
1702 2530 2011 2583 Seminariis
2036 2537 2092 2585 et

174 2617 421 2687 Collegiis
470 2616 838 2669 ecclesiasticis
884 2620 1131 2669 accurate
1180 2617 1423 2668 tradatur
1473 2614 1672 2668 Cantus
1717 2615 2090 2685 Gregorianus,

172 2708 294 2756 tum
319 2703 607 2755 theoretice
631 2706 752 2754 tum
776 2704 1037 2771 practice:
1075 2706 1140 2753 ut
1163 2702 1342 2755 clerici
1371 2718 1570 2764 omneS,
1596 2702 1703 2753 sive
1733 2702 1877 2769 apud
1907 2701 2091 2765 altare,
2162 2728 2169 2735 ·

175 2791 284 2842 sive
309 2789 368 2840 in
393 2788 735 2857 presbyteriO,
755 2789 863 2840 sive
887 2790 944 2839 in
963 2787 1119 2839 choro
1144 2792 1420 2838 cantorum
1441 2787 1739 2849 constituti,
1758 2787 1936 2837 omnia
1955 2804 2090 2854 quae

173 2875 258 2927 vel
298 2891 332 2927 a
375 2874 618 2944 singuIiS,
662 2874 747 2925 vel
789 2891 822 2926 a
865 2873 1041 2925 schola
1090 2877 1385 2935 cantorum,
1429 2872 1513 2923 vel
1556 2889 1588 2922 a
1633 2873 1840 2922 cunctis
1884 2874 2087 2923 cantari

177 2962 388 3024 debent,
405 2961 567 3028 juxta
591 2965 743 3011 tonos
772 2960 832 3010 in
872 2964 906 2990 ‘⁶
925 2946 1305 3011 Caeremoniali
1343 2956 1772 3024 Episcoporum,’'
1810 2958 1868 3008 in
1906 2962 1938 2988 ‘⁶
1957 2957 2088 3009 Gra-

172 3046 367 3116 duali,'’
409 3050 444 3077 ‘⁶
459 3044 893 3114 Antiphonari0,”
935 3049 969 3076 ‘⁶
986 3044 1278 3096 Directorio
1328 3041 1485 3094 Chori
1502 3041 1529 3065 ’'
1573 3046 1629 3093 et
1671 3043 1889 3094 caeteris
1935 3043 2084 3094 libris

173 3131 473 3194 ritualibus,
497 3131 602 3183 rite
625 3135 838 3182 cantare
863 3131 1049 3182 sciant.

316 3234 368 3282 2.
408 3229 604 3282 Curent
647 3229 919 3298 Episcopi,
961 3230 1138 3296 eisque
1176 3227 1449 3295 conjuncti
1492 3244 1807 3296 magnopere
1849 3229 2087 3280 laborent

173 3315 531 3367 Ecclesiarum
596 3320 834 3378 rectoreS,
898 3318 962 3365 ut
1024 3314 1466 3381 p1aestantissimi
1529 3317 1715 3364 cantus
1778 3314 2084 3381 hujusmodi

173 3416 315 3464 usus,
338 3404 600 3468 quantum
637 3398 753 3450 fieri
789 3400 1005 3467 poterit,
1032 3398 1361 3450 restituatur.
1437 3396 1787 3459 Quamobrem
1818 3398 2084 3450 Ecclesiae

173 3484 478 3553 praesertim
503 3483 845 3546 cathedrales,
871 3488 927 3534 et
951 3500 1043 3550 per
1068 3482 1402 3533 Provinciam
1433 3482 1536 3550 maj
1544 3499 1669 3545 ores,
1695 3483 1752 3533 in
1778 3482 2080 3550 hujusmodi

394 3634 413 3658 ¹
438 3635 495 3678 D.
515 3635 678 3687 Avena,
700 3636 797 3688 Req.
819 3635 929 3676 Mus.
952 3647 1042 3688 cap.
1065 3636 1129 3678 74.
1352 3633 1370 3656 ²
1392 3635 1536 3685 Enoye.
1564 3637 1611 3674 19
1632 3633 1734 3675 Feb.
1760 3634 1876 3678 1749.
