2514 4504
909 555 1154 599 APPEND.
1202 556 1342 597 xvn.
2018 539 2098 599 69

203 714 359 769 cendi
378 713 668 774 missioneS,
683 710 751 761 ad
770 709 993 761 formam
1012 704 1307 774 juramenti
1328 704 1664 755 alumnorum
1688 704 2107 767 Pontificiorum‚

203 804 366 868 atque
390 802 603 850 onerata
627 796 685 846 in
710 793 954 847 omnibus
979 790 1302 842 conscientia
1330 787 1742 839 Ordinariorum.

348 885 502 935 Hanc
541 899 661 933 vero
699 879 753 932 S.
798 877 855 930 C.
902 875 1223 928 sententiam
1263 873 1607 925 Sanctissimo
1647 873 1875 924 Domino
1920 873 2110 925 Nostro

205 971 303 1023 Pio
328 970 438 1021 ΡΡ.
458 968 559 1031 ΙΧ,
576 968 634 1018 in
658 964 931 1017 audientia
956 961 1063 1013 diei
1091 961 1122 1012 6
1150 960 1388 1028 ejusdem
1414 959 1609 1009 mensis
1635 963 1691 1009 et
1717 959 1842 1009 anni
1870 960 1937 1009 ab
1952 960 2112 1009 infra-

205 1056 398 1123 scripto
432 1052 704 1104 secretario
743 1049 983 1110 relatam,
1029 1045 1296 1098 Sanctitas
1331 1043 1438 1095 Sua
1479 1044 1709 1112 benigne
1746 1044 2008 1111 probavit,
2052 1062 2111 1095 ac

207 1140 519 1192 facultatem
537 1138 696 1206 juxta
714 1133 1042 1203 propositum
1061 1135 1298 1182 tenorem
1318 1130 1589 1191 concessit,
1610 1130 1882 1180 contrariis
1898 1130 2115 1197 quibus—

208 1241 434 1293 cumque
457 1239 563 1274 non
588 1219 936 1272 obstantibus.

351 1309 474 1360 Dat.
524 1307 725 1359 Romae
772 1321 837 1357 ex
872 1302 1002 1354 Aed.
1042 1300 1096 1353 S.
1138 1299 1195 1352 G.
1240 1300 1304 1351 de
1347 1300 1693 1368 Propaganda
1737 1299 1870 1351 Fide
1914 1300 2002 1352 die
2042 1303 2106 1351 21

210 1394 425 1464 Aprilis,
455 1394 608 1444 1852.

992 1471 1047 1526 J.
1085 1471 1184 1523 Ph.
1225 1470 1397 1523 CARD.
1439 1470 1741 1536 FRANsom,
1778 1470 1968 1542 Praef.

354 1550 418 1603 L.
443 1548 496 1601 ›1‹
520 1548 574 1604 S.

1226 1614 1310 1666 Al.
1350 1614 1630 1679 BARNABo,
1667 1631 1703 1666 a
1738 1614 1970 1669 secretis.

1071 1894 1253 1946 XVII.

459 2048 821 2104 EXTENSIO
872 2045 1308 2099 PRAECEDEN
1312 2047 1427 2099 TIS
1477 2047 1876 2102 RESCRIPTI.

213 2185 522 2237 Beatissime
546 2183 721 2245 Pater,

354 2268 487 2320 Cum
526 2272 738 2336 propter
780 2266 1014 2317 locorum
1055 2266 1393 2316 necessitates
1435 2266 1524 2316 vix
1560 2268 1749 2333 sperari
1785 2269 1951 2335 possit
1976 2271 2115 2336 quod

210 2353 462 2407 beneficia
504 2354 571 2404 ad
614 2351 1023 2404 ordinandorum
1074 2349 1299 2400 titulum
1350 2351 1756 2403 consituendum
1802 2353 2117 2405 sufficientia

211 2441 495 2510 erigantur,
519 2455 615 2489 nec
641 2437 795 2488 facile
819 2437 985 2487 etiam
1010 2436 1081 2486 sit
1116 2435 1427 2502 patrimonii
1458 2436 1622 2487 titulo
1650 2438 1907 2505 supplere,
1934 2440 2118 2491 Archi-

208 2526 478 2594 episcopus
501 2521 1076 2574 westmonasteriensis
1102 2526 1157 2571 et
1183 2520 1434 2588 Episcopi
1460 2522 1703 2589 Angliae‚
1723 2541 1786 2574 ex
1806 2526 2114 2592 provinciali

212 2609 463 2672 Concili0‚
526 2607 829 2675 supplicant
888 2611 950 2657 ut
1014 2605 1068 2657 S.
1124 2606 1189 2656 V.
1252 2606 1501 2673 dignetur
1562 2608 1784 2659 ulterius
1841 2612 2117 2662 extendere

209 2695 480 2747 indultum
506 2694 759 2761 superiori
782 2709 921 2744 anno
946 2692 1302 2760 impertitum,
1321 2696 1384 2742 ut
1409 2692 1572 2743 titulo
1597 2694 1858 2745 missionis
1884 2697 2118 2748 ordinare

210 2780 437 2833 valeant.

354 2865 436 2915 Ex
460 2864 733 2915 audientia
758 2863 1093 2916 Sanctissimi
1116 2863 1300 2914 habita
1324 2863 1413 2914 die
1442 2866 1507 2913 13
1532 2865 1736 2928 Martii,
1768 2869 1921 2930 1853,

355 2948 729 3000 Sanctissimus
754 2948 1013 3000 Dominus
1038 2948 1230 2999 Noster
1256 2948 1383 2999 Pius
1419 2950 1601 3000 divina
1639 2953 1970 3018 providentia
2009 2954 2117 3005 ΡΡ.

214 3034 313 3098 ΙΧ,
338 3034 591 3086 referente
617 3050 703 3084 me
739 3033 1074 3100 infrascripto
1113 3032 1166 3084 S.
1207 3032 1644 3103 Congregationis
1682 3037 1747 3086 de
1774 3037 2119 3106 Propaganda

211 3120 347 3171 Fide
364 3118 670 3181 Secretario‚
686 3134 750 3168 ex
766 3122 888 3168 voto
907 3117 1463 3169 Eminentissimorum
1485 3119 1592 3170 ΡΡ.
1612 3120 1664 3171 S.
1685 3119 2118 3190 Congregationis

212 3205 440 3273 benigne
479 3204 671 3253 annuit
704 3208 768 3252 ut
793 3202 1226 3270 Archiepiscopus
1253 3210 1308 3254 et
1334 3204 1586 3272 Episcopi
1615 3207 1811 3274 singuli
1839 3208 2117 3260 duodecim

212 3290 519 3341 candidatos
543 3288 809 3339 missionis
834 3287 996 3337 titulo
1022 3305 1323 3355 promovere
1345 3290 1571 3351 valeant,
1593 3293 1808 3341 servatis
1834 3295 2120 3362 praescrip-

213 3375 448 3426 tionibus
463 3374 624 3441 primi
640 3373 855 3434 indulti,
876 3373 1149 3423 contrariis
1169 3374 1588 3440 quibuscumque
1610 3376 1749 3425 haud
1771 3376 2117 3430 obstantibus.

357 3460 481 3510 Dat.
532 3459 733 3509 Romae
793 3473 859 3508 ex
894 3457 1023 3508 Aed.
1074 3457 1249 3508 dictae
1301 3457 1353 3509 S.
1407 3456 1859 3527 Congregationis‚
1911 3463 1997 3513 die
2051 3466 2115 3513 14

215 3543 423 3607 Martii,
452 3545 607 3595 1853.

1233 3627 1317 3679 Al.
1358 3627 1634 3691 BARNABo,
1670 3645 1708 3679 a
1742 3630 1974 3683 secretis.

359 3699 423 3751 L.
449 3699 501 3750 ›1‹
527 3699 581 3752 S.
