2514 4504
1026 575 1298 623 micam-A.
2028 566 2102 626 21

209 729 437 793 videtur,
462 735 527 780 ut
552 729 910 781 extensionem
936 728 1070 779 dicti
1095 728 1347 795 temporis
1372 712 1466 795 pro
1486 733 1602 778 tota
1626 728 1821 795 Anglia
1846 728 2115 790 concedat,

206 830 240 865 a
265 813 380 865 Fer.
409 814 504 865 IV.
533 814 781 866 Cinerum
806 831 971 881 usque
991 814 1058 864 ad
1083 813 1420 865 Dominicam
1447 813 1504 863 in
1529 813 1663 863 albis
1690 812 1944 862 inclusive
1970 812 2059 880 (¹).

356 909 438 958 18.
476 906 669 957 Nullus
713 907 963 968 sacerdoS,
1007 906 1102 957 sub
1149 906 1332 974 poenis
1382 906 1439 956 in
1474 906 1594 973 jure
1629 905 1770 967 latis,
1810 905 1890 955 bis
1934 905 1990 954 in
2028 904 2115 955 die

207 991 423 1042 missam
442 992 695 1043 celebrare
710 995 1008 1059 praesumat
1027 990 1418 1060 (praeterquam
1444 991 1503 1041 in
1523 990 1576 1041 S.
1599 990 1917 1041 Nativitatis
1937 989 2115 1058 festo),

208 1078 311 1128 nisi
336 1078 403 1128 ab
422 1077 703 1145 Episcopo,
746 1077 829 1127 vel
874 1077 985 1144 ejus
1025 1077 1252 1141 Vicario,
1305 1076 1619 1127 facultatem
1668 1093 1731 1126 ex
1780 1075 2114 1144 delegatione

205 1162 509 1230 Apostolica
535 1163 751 1214 concedi
778 1164 1081 1230 permissam
1107 1163 1164 1212 in
1190 1161 1400 1229 scriptis
1426 1161 1734 1211 obtinuerit.

356 1256 435 1306 19.
492 1254 755 1306 Similiter
778 1256 1013 1306 rubricae
1037 1254 1271 1305 Missalis
1296 1253 1525 1304 Romani
1551 1258 1607 1303 et
1632 1252 1866 1303 Ritualis
1891 1254 2040 1320 parvi
2059 1252 2112 1304 S.

204 1338 282 1389 M.
304 1338 581 1391 Benedicti
607 1340 770 1391 XIII.
791 1338 861 1409 (²)
889 1341 1070 1391 stricte
1096 1344 1380 1403 serventur,
1395 1344 1659 1407 quantum
1679 1339 1867 1389 servari
1892 1339 2114 1406 possint,

205 1425 270 1476 de
315 1426 483 1476 tribus
522 1426 732 1477 ultimis
781 1426 966 1477 diebus
1014 1425 1227 1493 majoris
1276 1424 1685 1484 Hebdomadae3
1726 1424 1806 1474 ita
1848 1428 1911 1474 ut
1955 1424 2114 1474 unica

204 1510 490 1561 celebretur
514 1513 571 1562 in
597 1528 910 1579 unaquaque
936 1512 1152 1563 ecclesia
1188 1511 1354 1561 Missa
1391 1510 1449 1560 in
1487 1509 1643 1560 Feria
1680 1509 1743 1559 V.
1770 1514 1826 1559 et
1864 1509 2110 1561 Sabbato.

204 1594 389 1664 Neque
431 1597 489 1647 in
527 1596 625 1647 hoc
669 1596 957 1648 celebretur
994 1597 1176 1659 Missa,
1212 1596 1318 1647 nisi
1355 1612 1479 1646 cum
1513 1599 1629 1645 toto
1669 1593 1842 1646 officio
1868 1593 2112 1663 (excepta

204 1680 313 1732 sola
338 1681 525 1733 Fontis
549 1682 880 1749 baptismalis
917 1682 1305 1744 benedictione,
1344 1682 1437 1732 ubi
1476 1682 1534 1731 in
1573 1681 1792 1732 ecclesia
1827 1680 1968 1733 Fons
2004 1698 2111 1733 non

205 1767 398 1818 existat
415 1767 451 1835 3)
480 1783 650 1835 neque
675 1767 784 1818 ulla
808 1784 925 1834 pars
949 1785 1043 1836 pro
1069 1768 1246 1818 lubitu
1271 1768 1569 1818 omittatur.

349 1862 435 1910 20.
485 1860 722 1910 Tandem
749 1860 1091 1910 meminerint
1116 1860 1421 1922 sacerdotes,
1447 1859 1723 1910 infinitum
1748 1859 1908 1927 hujus
1928 1858 2111 1911 Sacra-

203 1945 373 1995 menti
411 1949 466 1995 et
503 1944 759 1995 Sacrificii
791 1944 1026 2012 pretium
1050 1945 1108 1994 in
1152 1945 1450 2012 praesentia
1491 1945 1713 1995 Domini
1756 1944 1937 1996 Nostri
1980 1944 2014 1994 J
2019 1962 2109 1994 esu

204 2028 399 2080 Christi
415 2030 710 2093 consistere,
729 2047 836 2080 non
855 2030 912 2079 in
927 2031 1172 2080 exteriori
1191 2030 1368 2081 cultus
1388 2035 1648 2098 apparatu
1659 2048 1672 2091 3
1702 2031 1926 2097 ideoque
1944 2030 2110 2080 satius

202 2132 310 2165 esse
353 2115 667 2183 simpliciter
709 2115 931 2166 Missam
971 2115 1165 2166 lectam
1203 2114 1448 2167 fidelibus
1484 2115 1748 2183 praebere,
1782 2132 1943 2182 quam
1969 2115 2110 2165 ultra

201 2200 333 2250 vires
359 2200 724 2252 solemniorem
750 2206 956 2253 tentare
980 2202 1167 2265 ritum,
1204 2202 1546 2253 caeremoniis
1576 2218 1730 2269 saepe
1756 2201 1906 2251 foede
1932 2201 2110 2250 detur-

199 2286 354 2352 patis,
391 2303 452 2336 ac
488 2286 733 2338 musicali
773 2287 957 2355 inepto
1000 2293 1262 2339 concentu
1305 2288 1623 2351 devotionen
1665 2287 1845 2355 potius
1878 2286 2108 2354 pellente

198 2388 358 2438 quam
385 2373 664 2424 excitante.
741 2371 941 2423 Cantus
965 2373 1147 2442 igitur,
1172 2373 1455 2440 praecipue
1479 2373 1535 2422 in
1561 2371 1726 2423 Missa
1761 2377 1816 2422 et
1854 2371 2110 2421 Benedic-

198 2458 344 2509 tione
369 2456 704 2508 Sanctissimi
731 2456 1077 2521 Sacramenti,
1103 2459 1175 2508 sit
1198 2458 1373 2526 gravis
1393 2461 1450 2507 et
1473 2457 1712 2520 dev'otuS,
1746 2462 1810 2507 ut
1834 2456 2108 2507 audientes

198 2541 379 2593 fideles
404 2542 559 2593 modo
585 2559 709 2592 cum
734 2542 1032 2611 Augustino
1058 2543 1125 2593 ad
1149 2542 1407 2610 lacrymas
1431 2546 1760 2604 moveantur,
1786 2542 1960 2603 mod0,
1986 2558 2108 2592 cum

197 2627 366 2677 choris
402 2627 742 2696 Angelorum,
779 2627 958 2677 laudes
982 2626 1095 2678 Deo
1132 2632 1188 2678 et
1226 2627 1378 2695 Agno
1415 2643 1539 2676 cum
1577 2625 1786 2694 ingenti
1824 2626 2109 2676 concinant

199 2711 423 2763 laetitia.
456 2764 461 2769 ,
498 2712 656 2763 Pueri
682 2712 846 2762 etiam
871 2712 1110 2763 musicen
1133 2713 1191 2762 in
1214 2710 1406 2764 scholis
1433 2711 1766 2772 edoceantur,
1791 2715 1855 2761 ut
1885 2709 2108 2761 femina-

343 2864 399 2917 (1)
440 2865 739 2905 Sanctissimus
782 2864 1084 2917 benignissime
1119 2863 1286 2905 annuit.
1362 2862 1475 2904 Vide
1511 2864 1760 2912 Rescriptum
1805 2862 1852 2903 in
1896 2861 2103 2915 Append„

198 2929 248 2968 11⁰
264 2928 413 2978 XIII„
430 2942 473 2981 p.
497 2931 562 2969 66.

326 2995 382 3047 (2)
426 2998 455 3017 “
473 2994 721 3035 Beatissimo
740 2995 880 3035 Pater.
913 2993 1076 3035 Vicarii
1094 2992 1329 3046 Apostolici
1357 2992 1489 3045 Angl.
1507 2992 1560 3032 ad
1587 2992 1714 3044 pedes
1742 2991 1990 3032 Sanctitatis
2009 2996 2108 3033 tuae

200 3062 412 3114 provoluti
430 3062 668 3102 humillime
688 3062 941 3114 supplicant,
964 3063 1013 3101 ut
1031 3061 1216 3113 benigne
1235 3059 1449 3111 dignetur,
1481 3062 1646 3100 attenta
1673 3059 1817 3111 inopia
1846 3058 2107 3099 sacerdotum

199 3128 377 3181 aliisque
394 3129 581 3169 locorum
599 3129 814 3181 adjunctis
833 3127 1062 3181 perpensis,
1084 3127 1306 3179 indulgere
1324 3129 1374 3166 ut
1392 3126 1439 3166 in
1466 3126 1519 3166 iis
1547 3126 1694 3166 diebus
1722 3125 1768 3165 in
1786 3125 1952 3176 quibus,
1983 3127 2110 3178 juxta

201 3195 418 3246 Rubricas,
440 3196 567 3236 missa
587 3195 783 3236 solemnis
801 3194 1009 3235 duntaxat
1038 3196 1146 3234 esset
1173 3192 1435 3243 celebranda,
1463 3192 1597 3245 possit
1628 3192 1797 3232 recitari
1826 3191 1953 3231 missa
1981 3191 2108 3231 etiam

200 3262 379 3315 privata,
403 3262 627 3303 dummodo
646 3276 695 3303 ea
713 3262 769 3302 sit
787 3260 1038 3314 parochialis
1064 3263 1106 3302 et
1124 3259 1384 3312 principalis,
1409 3262 1452 3300 et
1470 3262 1691 3299 serventur
1715 3261 1921 3309 quantum
1950 3258 2107 3298 servari

201 3329 363 3381 possint
392 3343 440 3371 ea
467 3342 573 3381 quae
599 3329 647 3369 in
674 3328 837 3369 Rituali
864 3340 995 3379 parvo
1023 3326 1243 3367 Benedicti
1263 3326 1397 3366 XIII.
1422 3329 1589 3366 sanctae
1608 3325 1832 3365 memoriae
1850 3325 2107 3376 praescripta

202 3395 492 3437 inveniuntur.
552 3396 705 3446 Quare,
743 3398 822 3436 etc.
858 3394 927 3434 Ex
955 3394 1187 3434 Audientia
1213 3393 1478 3434 Sanctissimi
1506 3392 1653 3432 habita
1682 3392 1750 3431 die
1779 3394 1801 3433 7
1822 3392 1970 3432 Martii
1994 3394 2109 3434 1847.

203 3462 498 3503 Sanctissimus
526 3462 735 3503 Dominus
763 3461 919 3501 Noster
951 3461 1055 3501 Pius
1086 3460 1241 3501 divina
1259 3459 1526 3512 providentia
1556 3459 1642 3498 PP.
1667 3459 1767 3508 IX„
1802 3458 2010 3499 referente
2038 3472 2104 3499 me

203 3529 472 3582 infrascripto
503 3530 546 3570 S.
580 3529 626 3570 C.
663 3529 715 3570 de
746 3528 1025 3581 Propaganda
1058 3527 1163 3568 Fide
1192 3527 1428 3572 secretario,
1455 3525 1672 3578 perpensis
1692 3525 1902 3577 expositis,
1924 3525 2108 3577 benigne

203 3597 354 3637 annuit
385 3609 461 3649 pro
493 3596 644 3648 gratia,
679 3596 726 3636 in
758 3596 966 3646 omnibus,
1003 3595 1129 3648 juxta
1170 3607 1328 3647 preces.
1398 3593 1631 3634 Contrariis
1667 3588 1986 3644 quibuscunque
2021 3606 2108 3633 non

204 3664 507 3705 obstantibus*
690 3686 692 3689 -

351 3733 380 3753 “
397 3732 558 3772 Datum
575 3732 746 3780 Romae,
770 3744 822 3771 ex
840 3729 992 3770 Aedib.
1016 3729 1098 3770 dio.
1121 3730 1213 3769 Sao.
1238 3728 1447 3780 Congreg.
1464 3726 1532 3767 die
1552 3729 1594 3767 et
1611 3738 1724 3766 anno
1742 3726 1896 3778 quibus
1915 3739 2054 3779 supra.

351 3800 382 3822 “
394 3797 538 3839 Gratis
556 3798 646 3840 sine
664 3798 752 3838 ulla
771 3796 941 3837 omnino
960 3796 1167 3836 solutione
1185 3808 1447 3847 quocumque
1466 3794 1607 3834 titulo.

902 3883 928 3902 ‘⁶
944 3878 972 3918 J
976 3890 1154 3926 oxxxns,
1185 3876 1301 3917 arch.
1331 3872 1729 3921 Thessalonicensis,
1758 3871 2033 3913 ,secretarium

349 3943 462 3989 Loco
490 3946 541 3998 ›1‹
570 3945 716 3997 sigilli.
