2514 4504
356 355 480 415 396
1143 372 1382 415 Annrno
1422 371 1476 414 v.

350 521 385 549 “
402 523 463 569 ut
487 537 642 587 supra
665 520 1087 588 particularibus,
1106 519 1386 570 deficiente
1403 518 1821 586 presbyterorum
1845 520 2015 587 copia,
2035 519 2256 587 aliisque

254 658 258 662 ,
351 605 386 632 “
401 605 647 656 omnibus
695 605 1110 656 circumstantiis
1164 608 1370 654 mature
1426 604 1692 671 perpensis
1749 604 1999 671 prudenti
2047 604 2256 672 judicio

351 692 385 719 ‘⁶
403 687 696 757 Superioris
736 690 1115 752 definiendum,
1151 692 1333 740 utrum
1374 705 1434 740 eo
1483 688 1542 739 in
1578 704 1702 739 casu
1741 694 2053 740 concurrant
2077 689 2257 759 gravia

351 777 384 803 “
399 791 573 825 rerum
623 775 705 842 adj
713 778 894 838 uncta,
943 791 1078 842 quae
1125 774 1346 825 tradunt
1394 773 1643 826 Doctores
1690 775 2020 826 necessitatis
2077 792 2256 826 casum

352 855 385 888 ‘⁶
400 858 601 910 efficere
643 858 748 928 (uti
784 861 1082 927 propositus
1119 859 1355 927 videtur)
1395 860 1453 910 in
1489 877 1593 928 quo
1629 860 2010 928 dispensationi
2046 877 2078 912 a
2108 865 2257 928 prae-

352 946 386 973 “
402 949 556 1011 cepto
580 946 863 997 universali
890 946 956 996 de
979 961 1086 996 non
1110 945 1351 995 iterando
1377 944 1631 995 sacrificio
1655 945 1723 997 ab
1748 945 1933 996 eodem
1957 945 2257 1013 presbytero

351 1031 384 1057 “
400 1029 687 1096 eademque
720 1030 805 1080 die
846 1030 989 1080 locus
1026 1029 1140 1092 fiat,
1178 1032 1234 1079 et
1261 1028 1485 1079 binandi
1510 1029 1758 1080 facultati
1783 1029 2112 1092 tribuendae,
2150 1044 2257 1096 qua

350 1115 384 1141 “
399 1128 552 1179 parce
602 1115 818 1166 omnino
866 1113 1023 1165 illum
1065 1114 1151 1165 uti
1194 1114 1377 1165 debere
1420 1130 1484 1164 ex
1525 1114 1804 1181 apostolici
1846 1115 2013 1182 ipsius
2056 1113 2256 1164 indulti

351 1200 385 1225 “
401 1198 568 1248 verbis
592 1200 830 1266 apprime
855 1198 1219 1267 perspicitur.''
1294 1200 1341 1250 E
1378 1203 1562 1267 questa
1598 1201 1882 1250 istruzione
1919 1199 2001 1250 ne’
2039 1199 2257 1250 termini

351 1283 499 1332 stessi
539 1281 601 1332 fu
642 1285 848 1334 inviata
886 1284 938 1334 al
977 1285 1210 1336 Vescovo
1250 1284 1307 1335 di
1346 1284 1546 1335 Treviri
1586 1284 1673 1334 nel
1711 1286 1866 1347 1853,
1892 1284 1960 1335 da
1993 1287 2145 1352 parte
2169 1282 2258 1334 del

350 1367 506 1434 quale
543 1384 697 1419 erano
735 1370 863 1420 stati
899 1369 1136 1437 proposti
1174 1370 1389 1421 svariati
1427 1369 1595 1420 dubbi
1633 1369 1713 1420 sul
1755 1369 1935 1421 binare
1977 1369 2030 1420 la
2071 1385 2256 1432 messa,

350 1452 688 1520 essendoglisi
713 1454 897 1506 scritto
921 1454 975 1505 ai
1001 1457 1068 1505 28
1097 1453 1413 1517 Settemhre,
1433 1454 1530 1506 che
1555 1455 1871 1506 considerati
1888 1455 1910 1506 i
1929 1455 2044 1506 suoi
2061 1453 2259 1523 quesiti

352 1540 386 1566 ‘⁶
401 1539 606 1589 censuit
630 1538 685 1591 S.
713 1538 1063 1609 congregatio
1088 1541 1319 1595 dandam
1345 1557 1453 1591 6336
1485 1541 1910 1603 instructionem,
1933 1557 2096 1608 quam
2134 1577 2148 1592 .
2188 1577 2202 1590 .
2241 1576 2256 1590 .

351 1625 385 1652 ⁶⁶
399 1622 637 1675 Vicarius
685 1624 1020 1692 Apostolicus
1069 1624 1413 1694 Limburgen.
1458 1625 1696 1676 obtinuit
1738 1625 1836 1676 sub
1877 1625 1966 1676 die
2009 1627 2074 1676 31
2119 1624 2157 1677 J
2157 1623 2258 1676 ulii

351 1724 420 1757 an
449 1707 634 1759 1851.”

498 1794 578 1845 16.
631 1794 731 1845 Per
755 1794 891 1846 altro
915 1799 997 1846 tra
1021 1796 1071 1846 16
1113 1796 1257 1846 varie
1300 1797 1539 1863 risposte‚
1565 1796 1661 1847 che
1700 1795 1926 1847 affidano
1951 1796 1993 1846 il
2017 1796 2256 1866 giudizio

352 1878 486 1928 sulla
509 1880 717 1947 gravita
740 1880 878 1931 delle
903 1897 1059 1931 cause
1082 1881 1134 1930 al
1178 1879 1469 1948 superiore,
1513 1881 1702 1932 alcune
1739 1882 2000 1933 meritano
2024 1881 2258 1950 peculiar

353 1967 643 2028 menzione,
668 1981 816 2016 come
840 1965 1016 2033 quelle
1041 1966 1137 2016 che
1157 1982 1309 2017 senza
1327 1966 1619 2034 dilungarsi
1636 1967 1778 2018 dalla
1795 1967 1972 2035 regola
1996 1966 2259 2018 ordinaria

352 2049 408 2099 di
432 2049 664 2100 chiamar
686 2049 728 2099 11
754 2049 1029 2116 Superiore
1074 2054 1235 2101 stesso
1277 2067 1310 2101 a
1351 2051 1592 2119 giudicar
1635 2051 1772 2102 delle
1811 2068 1983 2115 cause,
2008 2051 2257 2103 indicano

351 2134 570 2184 insieme
593 2135 651 2185 in
676 2134 899 2201 qualche
936 2135 1090 2202 guisa
1131 2134 1185 2185 la
1209 2135 1432 2202 qualita„
1467 2153 1498 2186 o
1541 2136 1582 2186 11
1620 2137 1783 2204 grado
1823 2136 1963 2187 della
2002 2136 2259 2187 necessita

352 2218 599 2269 richiesta
622 2236 715 2286 per
737 2219 791 2269 la
814 2219 1106 2282 binazione‚
1133 2237 1162 2270 e
1185 2219 1354 2271 talora
1378 2224 1683 2288 temperano
1726 2221 1978 2287 alquanto
2003 2219 2257 2287 l'impres-

354 2304 512 2367 sione‚
555 2321 584 2356 e
626 2304 865 2355 calmano
908 2305 961 2355 13
1003 2305 1268 2355 soverchia
1309 2305 1515 2356 anzieta
1554 2305 1649 2356 che
1690 2321 1855 2356 avean
1895 2305 2141 2372 prodotto
2173 2302 2256 2355 ne’

353 2388 573 2439 Vescovi
598 2405 626 2439 6
649 2388 976 2440 Missionarii
998 2389 1049 2440 16
1073 2389 1316 2453 613113616,
1342 2389 1462 2441 ond'
1489 2391 1519 2442 e
1543 2390 1811 2441 vincolata
1838 2389 1977 2440 nelle
2011 2388 2256 2440 Formole

352 2477 537 2540 questa
578 2474 789 2525 facolta.
864 2474 985 2526 Una
1028 2475 1085 2526 di
1121 2475 1219 2526 tali
1259 2475 1481 2543 risposte
1520 2476 1580 2525 fu
1618 2476 1745 2526 data
1778 2474 1867 2525 nel
1908 2475 2043 2524 1848
2081 2473 2150 2524 ad
2181 2489 2256 2525 un

352 2559 581 2610 Vescovo
617 2559 761 2628 degli
799 2558 942 2611 Stati
981 2559 1139 2611 Uniti
1178 2560 1502 2612 d’America:
1561 2565 1596 2592 ⁶‘
1611 2561 1780 2611 Venio
1818 2560 1887 2612 ad
1923 2559 2254 2628 postulatum

354 2648 387 2674 ⁶⁶
401 2648 559 2695 tuum
579 2643 711 2714 (cosi
736 2645 795 2694 in
819 2661 924 2695 una
947 2644 1136 2695 lettera
1160 2645 1246 2695 dei
1273 2647 1304 2697 9
1330 2643 1578 2715 Maggio)
1604 2645 1742 2696 circa
1765 2646 1984 2696 modum
2000 2646 2256 2712 interpre-

354 2734 387 2760 ⁶⁶
402 2731 554 2781 tandi
577 2730 944 2781 necessitatem
968 2745 1103 2796 quae
1126 2730 1411 2797 requiritur
1439 2731 1507 2782 ad
1540 2731 1752 2782 licitum
1788 2748 1945 2782 usum
1984 2729 2254 2781 facultatis

353 2820 388 2846 “
402 2816 483 2866 bis
517 2816 576 2866 in
614 2815 702 2865 die
740 2815 956 2865 missam
989 2814 1302 2866 celebrandi.
1379 2853 1392 2866 .
1468 2856 1480 2868 .
1559 2854 1572 2867 .
1646 2815 1868 2867 Noverit
1896 2832 2018 2884 ergo
2047 2814 2254 2882 Ampli-

353 2905 387 2930 ‘⁶
401 2900 532 2951 tudo
568 2900 681 2950 Tua
713 2900 1083 2950 necessitatem
1122 2899 1445 2967 hujusmodi,
1484 2901 1551 2951 de
1589 2917 1694 2968 qua
1733 2917 1901 2951 sermo
1941 2903 2038 2963 est,
2077 2915 2252 2950 veram

353 2989 387 3016 “
401 2985 619 3052 quidem
645 2984 735 3035 sed
759 2984 1011 3035 moralem
1036 2984 1304 3053 intelligi3
1346 3001 1453 3035 non
1488 2988 1671 3035 autem
1707 2985 2005 3036 absolutam
2043 2984 2109 3034 de
2148 3000 2253 3051 qua

353 3075 386 3100 “
401 3070 620 3137 proinde
644 3070 716 3137 dij
725 3070 936 3120 udicare
959 3070 1016 3118 in
1042 3069 1263 3138 singulis
1288 3070 1492 3120 casibus
1515 3071 1714 3137 pendet
1738 3087 1770 3121 a
1788 3069 2035 3137 prudenti
2045 3068 2252 3136 judicio

352 3160 384 3186 ‘⁶
401 3155 653 3222 inspectis
690 3154 1120 3205 circumstantiis,
1195 3153 1389 3205 Caveas
1431 3171 1552 3223 ergo
1595 3158 1804 3222 oportet
1845 3154 1944 3204 hac
1986 3154 2045 3204 in
2086 3170 2142 3204 re
2183 3154 2250 3205 ab

349 3245 383 3271 ‘⁶
399 3241 666 3290 anxietate
689 3239 858 3289 nimia
881 3239 939 3288 in
964 3239 1035 3306 dij
1043 3239 1322 3301 udicand0‚
1347 3256 1412 3289 ne
1437 3240 1627 3290 frustra
1651 3255 1893 3290 concessa
1917 3242 2012 3288 aut
2035 3255 2166 3306 pene
2189 3239 2248 3289 in

350 3324 544 3374 “nullo
581 3340 704 3374 casu
739 3323 807 3373 ad
841 3327 1023 3374 actum
1058 3323 1353 3374 reducenda
1392 3324 1615 3374 facultas
1649 3324 1920 3391 praedicta
1956 3323 2246 3374 videatur.''

350 3409 455 3461 Piu
496 3408 737 3460 notevole
780 3410 809 3459 6
849 3407 903 3459 13
944 3408 1344 3471 dichiarazione‚
1380 3408 1477 3460 che
1517 3410 1562 3460 si
1598 3426 1745 3477 porse
1778 3409 1867 3459 nel
1909 3410 2047 3458 1824
2080 3408 2148 3459 ad
2172 3425 2247 3459 un

350 3495 583 3546 Prefetto
607 3493 909 3561 Apostolico
946 3493 1085 3544 nelle
1123 3493 1315 3544 Antilli
1356 3494 1412 3544 di
1452 3494 1709 3545 America.
1784 3493 2085 3545 Diffidando
2123 3493 2246 3561 quel

351 3579 587 3630 Prefetto
612 3578 668 3629 di
693 3582 843 3645 poter
867 3578 945 3628 far
967 3594 1062 3628 uso
1077 3578 1551 3645 >tranquillamente
1577 3579 1715 3630 della
1735 3579 1928 3629 facolta
1945 3578 2003 3629 in
2022 3577 2244 3630 discorso

2505 2544 2514 2551 .
2511 2440 2514 2451 ,,
2499 2030 2514 2423 ,,»,..-ΔΛ.-.,...-.ιη.,.“.-ε.,..
2497 1453 2514 2014 AQQQAM.Q.Q‡
2500 1435 2514 1442 ·.·
2503 1376 2514 1420 -1-
2495 1326 2514 1342 :2
2503 1307 2514 1314 .·
2508 1291 2514 1296 .
2511 1178 2514 1183 .
2509 1155 2514 1159 .
2500 1119 2514 1134 a·
