2514 4504
449 438 529 500 76
1023 453 1184 497 coNc.
1228 451 1390 495 PRov.
1437 451 1656 494 wss‘rM.
1704 452 1742 494 1.

437 597 591 650 sociis
615 597 914 666 Augustino
939 594 1212 658 monacho,
1233 599 1391 662 atque
1412 611 1472 645 eo
1491 594 1831 662 postmodum
1856 593 2080 661 aliisque
2104 593 2343 662 pluribus

435 683 504 735 ad
529 681 880 751 episcopalem
905 681 1229 749 dignitatem
1266 679 1480 742 evectis.
1506 679 1795 746 additaque
1819 679 1886 729 iis
1916 695 2111 748 magna
2133 678 2346 747 presby-

436 773 667 820 terorum
703 767 1079 818 monachorum
1103 765 1272 833 copia,
1297 764 1726 833 Anglo-Saxones
1760 764 2057 826 adduxisse,
2081 768 2146 815 ut
2170 761 2346 815 Chris-

437 855 641 904 tianam
672 853 982 922 religionem
1015 851 1474 919 amplecterentur,
1500 854 1556 901 et
1582 851 1782 900 virtute
1809 865 1902 900 sua
1927 848 2177 912 effecisse,
2199 852 2263 899 ut
2285 849 2345 900 in

437 938 734 1000 Britannia,
758 954 894 1004 quae
918 936 1113 1004 Anglia
1150 935 1317 986 etiam
1343 933 1598 1002 appellari
1633 934 1827 1001 coepit,
1853 933 2114 986 catholica
2146 934 2345 985 iterum

435 1024 683 1074 restituta
707 1023 944 1089 undique
969 1021 1132 1072 fuerit
1157 1025 1212 1071 et
1230 1019 1558 1087 amplificata
1577 1019 1781 1086 religio.
1841 1017 1945 1070 Sed
1962 1023 2027 1070 ut
2065 1036 2200 1087 quae
2219 1022 2346 1070 sunt

435 1109 722 1159 recentiora
764 1122 1249 1169 commemoremus,
1272 1105 1412 1155 nihil
1454 1105 1513 1155 in
1552 1109 1670 1156 tota
1707 1104 1993 1172 Anglicani
2027 1104 2344 1168 schismatiS‚

436 1194 578 1261 quod
620 1193 826 1244 saeculo
865 1193 1069 1244 decimo
1103 1195 1249 1242 sexto
1281 1190 1577 1241 excitatum
1619 1193 1719 1253 est,
1761 1189 1981 1241 historia
2013 1189 2348 1242 manifestius

436 1279 768 1341 arbitramur,
833 1294 995 1345 quam
1063 1275 1421 1327 Romanorum
1500 1274 1828 1325 Pontificum
1886 1274 2345 1327 Praedecessorum

437 1363 747 1414 Nostrorum
809 1363 1106 1430 impensam
1169 1377 1366 1423 curam,
1415 1363 1473 1411 et
1519 1376 1795 1427 nunquam
1858 1360 2232 1424 intermissam,
2278 1362 2346 1412 ut

435 1447 680 1517 religioni
718 1446 1010 1498 catholicae
1051 1448 1109 1497 in
1135 1463 1195 1497 eo
1237 1462 1399 1514 regno
1424 1446 1483 1496 in
1507 1447 1804 1497 maximum
1846 1445 2160 1514 periculum,
2185 1448 2241 1497 et
2273 1445 2343 1497 ad

437 1537 733 1590 extremum
756 1532 1037 1583 discrimen
1056 1531 1318 1582 adductae
1343 1534 1694 1594 succurerent,
1714 1534 1770 1581 et
1794 1546 2107 1598 quacunque
2130 1533 2345 1599 possent

435 1618 641 1669 ratione
678 1618 941 1669 auxilium
974 1616 1236 1668 afferrent.
1311 1615 1424 1676 Quo
1463 1617 1604 1667 inter
1641 1617 1748 1667 alia
1773 1619 2034 1684 spectant,
2059 1631 2120 1667 ea
2152 1631 2288 1684 quae
2310 1631 2345 1667 a

437 1702 671 1755 Summis
696 1702 1065 1765 PontificibuS‚
1091 1701 1176 1752 vel
1213 1701 1341 1769 ipsis
1377 1702 1776 1764 mandantibUS,
1801 1706 1966 1769 atque
2001 1701 2344 1769 probantibus

435 1790 643 1857 provisa
678 1794 934 1857 gestaque
972 1791 1115 1851 sunt,
1139 1791 1204 1838 ut
1236 1788 1295 1838 in
1319 1786 1515 1854 Anglia
1547 1787 1959 1855 haudquaquam
1985 1788 2225 1838 deessent
2247 1785 2343 1853 qui

435 1874 813 1926 catholicarum
849 1874 960 1925 illic
997 1890 1171 1925 rerum
1206 1889 1386 1924 curam
1411 1874 1752 1940 susciperent,
1777 1873 2015 1940 itemque
2048 1875 2110 1923 ut
2143 1871 2343 1924 adoles-

434 1963 611 2011 centes
659 1960 907 2011 catholici
956 1960 1122 2011 bonae
1184 1958 1396 2021 indolis,
1461 1975 1525 2009 ex
1589 1957 1786 2026 Anglia
1850 1959 1909 2008 in
1973 1959 2341 2010 continentem

433 2045 723 2107 venient-eS,
738 2045 1099 2107 educarentur,
1115 2047 1277 2111 atque
1291 2044 1358 2094 ad
1375 2043 1622 2094 scientias
1640 2044 1948 2110 praesertim
1964 2043 2342 2094 ecclesiasticas

434 2129 720 2199 diligenter
755 2130 1193 2191 informarentur3
1232 2130 1326 2195 qui
1364 2129 1520 2179 sacris
1546 2128 1767 2179 subinde
1799 2128 2070 2179 ordinibus
2094 2127 2342 2197 insigniti

434 2218 492 2267 et
514 2216 574 2265 in
596 2215 827 2283 patriam
851 2215 1041 2266 reversi
1081 2213 1318 2265 sedulam
1341 2218 1595 2264 navarent
1631 2231 1844 2281 operam
1868 2213 2208 2282 popularibus
2233 2213 2341 2264 suis

433 2299 579 2351 verbi
604 2303 660 2351 et
685 2302 1130 2351 sacramentorum
1149 2298 1446 2356 ministerio
1463 2297 1733 2365 juvandiS,
1750 2302 1806 2349 et
1825 2316 1973 2350 verae
1991 2298 2117 2349 fidei
2140 2298 2342 2350 ibidem

433 2385 665 2436 tuendae
689 2401 750 2435 ac
773 2385 1157 2453 propagandae.
1231 2384 1430 2435 Verum
1462 2399 1523 2434 ea
1556 2387 1683 2434 sunt
1708 2383 1922 2436 sortasse
1948 2384 2184 2447 clariora,
2207 2399 2341 2451 quae

434 2470 891 2521 Praedecessorum
909 2468 1221 2520 Nostrorum
1238 2469 1476 2520 studium
1495 2469 1805 2536 respiciunt,
1814 2473 1877 2520 ut
1892 2469 2054 2538 Angli
2074 2469 2340 2533 catholici,

433 2572 562 2624 quos
603 2559 718 2605 tam
751 2558 917 2616 atrOX‚
949 2557 1005 2604 et
1038 2569 1189 2605 saeva
1220 2557 1507 2621 tempestas
1539 2554 1921 2622 Episcoporum
1945 2555 2259 2621 praesentia,
2284 2557 2341 2605 et

433 2639 683 2708 pastorali
722 2656 844 2689 cura
885 2638 1201 2706 privaverat,
1234 2638 1506 2690 Praesules
1535 2639 1733 2690 iterum
1772 2639 2022 2690 haberent
2055 2639 2340 2707 episcopali

435 2725 730 2776 charactere
754 2724 1053 2792 insignitos·
1112 2723 1148 2775 J
1150 2740 1238 2773 am
1262 2741 1382 2775 vero
1403 2723 1642 2792 Gregorii
1661 2724 1764 2773 XV
1782 2724 1989 2775 litterae
2006 2723 2341 2792 Apostolicae

435 2810 751 2877 incipientes
793 2813 828 2840 ‘⁶
845 2808 1080 2859 Ecclesia
1123 2806 1408 2872 Romana,'’
1462 2808 1617 2859 datae
1661 2808 1749 2859 die
1790 2819 1941 2859 XXIII
1982 2808 2170 2860 Martii
2212 2809 2341 2860 anni

435 2906 705 2946 MDOXXIII
736 2893 1039 2955 ostendunt,
1075 2891 1354 2943 Summum
1387 2892 1725 2956 Pontificem,
1743 2893 1837 2945 ubi
1874 2893 2109 2962 primum
2140 2894 2338 2961 potuit,

436 2978 770 3030 Gulielmum
795 2977 1111 3045 Bishopium
1130 2982 1490 3029 consecratum
1513 2978 1836 3046 Episcopum
1864 2976 2339 3030 Chalcedonensem

436 3081 561 3114 cum
587 3064 713 3114 satis
738 3063 915 3130 ampla
939 3063 1256 3113 facultatum
1284 3063 1452 3129 copia,
1477 3067 1533 3113 et
1558 3080 1681 3113 cum
1709 3061 2104 3114 Ordinatiorum
2128 3048 2339 3131 propria.

435 3152 700 3216 potestate
718 3149 785 3198 ad
801 3148 1042 3216 Angliae,
1052 3152 1107 3198 et
1123 3146 1332 3198 Scotiae
1347 3147 1631 3197 catholicos
1650 3147 2012 3216 gubernandos
2027 3148 2312 3200 destinasse
2320 3166 2338 3210 ς

435 3234 576 3301 quod
593 3237 775 3300 postea
795 3232 1035 3283 Urbanus
1045 3232 1465 3299 VIII,Bishopio
1484 3237 1711 3295 mortuo,
1731 3232 1904 3283 missis
1924 3233 1991 3283 ad
2010 3231 2335 3284 Richardum

437 3318 616 3370 Smith
660 3317 849 3368 similis
890 3316 1119 3383 exempli
1161 3317 1354 3366 litteris
1379 3316 1695 3383 Apostolicis
1738 3317 1826 3367 die
1858 3328 1920 3366 IV
1944 3316 2216 3368 Februarii
2250 3334 2336 3370 an.

436 3414 675 3454 MDCXXV
716 3402 1006 3463 renovavit,
1049 3401 1356 3468 episcopatu
1398 3398 1825 3463 Chalcedonensi‚
1863 3405 1920 3451 et
1961 3402 2167 3465 iisdem,
2201 3420 2337 3470 quae

436 3475 688 3554 Bishopio
714 3502 976 3536 consessae
1002 3486 1228 3547 fuerant,
1253 3485 1599 3535 facultatibus
1636 3484 1868 3535 Smithio
1903 3486 2135 3538 tributis,
2209 3487 2335 3539 Visa

438 3576 562 3624 sunt
586 3572 644 3621 in
667 3573 951 3638 posterum,
977 3586 1144 3636 quum
1168 3568 1203 3620 J
1204 3570 1394 3621 acobus
1420 3569 1479 3619 II
1513 3570 1572 3620 in
1595 3570 1790 3639 Anglia
1822 3587 2037 3640 regnare
2061 3571 2334 3639 coepisset,

437 3656 727 3708 catholicae
752 3655 994 3723 religioni
1022 3655 1253 3705 feliciora
1286 3659 1524 3722 tempora
1559 3654 1848 3706 obventura
1873 3672 1997 3707 esse.
2071 3656 2188 3707 Hac
2212 3673 2334 3708 vero

437 3740 834 3810 opportunitate
861 3739 1199 3788 Innocentius
1225 3738 1308 3788 XI
1333 3739 1518 3788 statim
1543 3755 1667 3790 usus
1685 3738 1721 3789 J
1723 3754 1946 3792 oannem
1973 3739 2331 3810 Leyburnium
