2514 4504
184 2253 221 2281 '5
195 2232 200 2241 ..
196 2214 209 2222 ,

436 430 518 489 42
1013 445 1173 488 conc,
1220 443 1384 487 Pnov.
1428 444 1647 487 wmer.
1694 440 1731 485 1.

579 592 660 641 19.
700 591 868 642 Horas
892 592 1165 641 canonicas
1189 590 1297 641 alte
1322 594 1378 640 et
1395 588 1726 656 intelligibili
1752 605 1892 650 voce,
1913 588 2091 656 digne,
2115 590 2321 638 attente

432 678 488 725 et
511 674 698 724 devote
720 675 945 725 recitent
966 675 1179 742 pariter,
1202 691 1298 725 nec
1322 674 1486 725 altera
1509 689 1626 740 pars
1650 671 1795 724 chori
1819 671 2134 723 versiculum
2166 687 2322 722 suum

431 757 655 824 incipiat
678 761 963 824 antequam
987 758 1150 809 altera
1172 775 1289 825 pars
1315 774 1467 808 suum
1490 757 1623 808 bene
1648 755 2008 823 compleverit,
2042 755 2197 822 interi
2205 758 2323 807 ecta

433 854 634 904 semper
656 855 883 907 congrua
906 840 1124 906 pausula
1147 841 1214 890 ad
1238 840 1558 890 asteriscum.
1633 837 2023 904 Unusquisque,
2051 837 2322 889 recitando

432 922 662 973 officium
687 940 808 973 cum
832 923 967 986 aliis,
993 924 1149 974 debet
1181 924 1248 974 ad
1285 924 1480 992 integri
1517 922 1676 974 officii
1707 922 2076 991 recitationem
2107 937 2322 973 concur-

430 1023 557 1069 rere,
571 1008 816 1075 supplens
831 1008 1091 1059 audiendo
1109 1008 1250 1075 quod
1269 1009 1486 1059 omittet
1498 1007 1784 1058 recitando.
1810 1004 2047 1075 (Synod.
2063 1003 2318 1074 Fulyin.)

573 1095 659 1143 20.
708 1092 874 1144 Juxta
907 1094 1154 1156 rubricas,
1186 1110 1279 1160 pro
1316 1093 1568 1160 temporis
1604 1095 1660 1144 et
1691 1092 1851 1144 officii
1877 1092 2078 1144 diversa
2100 1091 2323 1154 ratione,

431 1193 610 1228 omnes
634 1182 867 1247 surgant,
892 1182 1052 1241 stent,
1078 1179 1309 1242 sedeant,
1335 1177 1712 1246 genuflectant,
1738 1182 1901 1245 caput
1933 1177 2101 1228 bireto
2134 1178 2323 1244 tegant

430 1265 526 1310 aut
548 1261 816 1330 detegant,
841 1263 924 1313 vel
948 1263 1208 1314 inclinent
1241 1279 1420 1314 omnes
1449 1264 1873 1330 contemporanei
1910 1267 1966 1313 et
2000 1262 2321 1321 uniformes3

430 1348 486 1393 et
509 1346 831 1396 unanimiter
867 1363 1044 1397 omnes
1075 1348 1258 1398 eodem
1294 1348 1518 1415 corporis
1552 1348 1678 1411 situ,
1710 1347 1933 1398 unisono
1970 1362 2159 1397 vocum
2198 1361 2322 1396 eon-

431 1432 606 1491 centu,
630 1447 692 1480 ac
715 1431 980 1482 mentium
1004 1432 1310 1496 elevatione,
1336 1436 1554 1483 cantent
1578 1436 1674 1483 aut
1696 1432 1985 1499 respective
2020 1430 2319 1482 attendant.

572 1515 658 1563 21.
706 1513 790 1564 Ad
813 1514 1034 1566 Missam
1058 1517 1297 1567 canonici
1321 1516 1661 1567 meminerint
1680 1533 1733 1567 se
1747 1519 2010 1583 praestare
2027 1515 2197 1567 teneri
2213 1530 2321 1566 non

430 1598 598 1648 solum
640 1601 987 1665 praesentiam
1036 1602 1126 1652 sed
1174 1603 1339 1652 etiam
1386 1619 1586 1665 vocem,
1634 1602 1750 1653 bini
1798 1618 1860 1653 ac
1906 1601 2023 1654 bini
2065 1600 2321 1652 submisse

428 1682 660 1733 dicentes
685 1700 746 1734 ea
770 1701 904 1750 quae
926 1686 1135 1735 recitari
1158 1686 1352 1737 debent
1367 1685 1527 1754 juxta
1549 1686 1796 1737 rubricas.

570 1769 656 1816 22.
707 1765 882 1826 Quum
919 1768 1163 1818 omnibus
1205 1768 1326 1819 aliis
1362 1768 1593 1819 ecclesiis
1618 1767 1932 1818 cathedralis
1967 1765 2322 1834 praeeminere

428 1850 617 1900 debeat
648 1851 707 1900 in
743 1851 811 1902 iis
852 1868 984 1918 quae
1026 1853 1094 1902 ad
1137 1852 1343 1903 cultum
1381 1853 1624 1903 divinum
1667 1855 1925 1919 spectant,
1968 1867 2148 1902 omnes
2195 1865 2320 1901 cum

427 1934 660 1984 maxima
684 1934 977 1999 devotione,
1002 1937 1204 2003 pietate
1228 1941 1284 1988 et
1307 1938 1569 2006 gravitate
1601 1937 1669 1987 ad
1700 1937 1890 1987 missae
1918 1934 2320 1987 celebrationem

426 2018 654 2081 adstent,
679 2023 735 2069 et
758 2023 998 2070 accurate
1023 2024 1229 2071 servent
1251 2021 1480 2072 rubricas
1503 2020 1747 2084 missali8,
1761 2023 1818 2072 et
1841 2018 2248 2082 caeremonialis,
2265 2020 2324 2070 et

425 2101 732 2153 authentica
758 2103 811 2155 S.
837 2104 902 2154 R.
929 2103 986 2155 C.
1011 2121 1254 2172 responsa
1278 2109 1335 2156 et
1358 2106 1581 2157 decreta.

568 2189 654 2237 23.
703 2187 787 2238 Ad
811 2188 1032 2239 formam
1057 2190 1254 2241 decreti
1281 2189 1334 2242 S.
1356 2189 1789 2259 Congregationis
1813 2190 1952 2241 card.
1970 2189 2320 2256 interpretum

352 2275 361 2279 ’
427 2269 480 2322 S.
526 2269 748 2321 Concilii
792 2273 1107 2337 Tridentini,
1145 2275 1250 2326 duo
1288 2276 1545 2339 canonici,
1577 2276 1712 2327 alter
1743 2276 1812 2327 ab
1848 2276 2108 2343 episcope,
2133 2273 2267 2323 alter
2288 2288 2323 2323 a

426 2355 659 2421 capitulo
715 2356 979 2423 deputati,
1043 2360 1321 2428 invigilare
1377 2359 1644 2411 debebunt
1700 2363 1916 2411 exactae
1962 2357 2322 2410 observantiae

426 2440 664 2490 omnium
688 2456 822 2506 quae
844 2442 912 2491 ad
944 2442 1138 2494 Missae
1171 2447 1227 2495 et
1263 2443 1562 2495 divinorum
1595 2443 1884 2496 officiorum
1919 2442 2320 2494 convenientem

425 2524 789 2575 recitationem
812 2525 1095 2592 pertinent.
1146 2525 1207 2597 (J
1208 2544 1299 2579 un.
1323 2530 1407 2591 18,
1433 2530 1585 2590 1589,
1604 2528 1747 2596 apud
1767 2526 2038 2592 CRum„
2054 2525 2136 2579 De
2151 2521 2322 2589 visit„

425 2622 479 2675 p.
507 2608 652 2676 387.)

963 2740 1022 2796 V.
1072 2742 1153 2795 De
1187 2744 1428 2798 Ecclesia
1460 2743 1791 2799 Gathedrali.

569 2875 655 2924 24.
704 2873 740 2924 J
740 2891 802 2925 us
826 2875 1298 2930 administrationis
1322 2879 1623 2947 temporalis
1655 2882 1713 2930 et
1745 2875 2037 2946 spiritualis
2071 2875 2320 2929 ecclesiae

425 2955 737 3008 cathedralis
760 2959 1029 3027 integrum
1051 2967 1355 3028 permaneat
1377 2964 1521 3031 apud
1545 2965 1867 3031 episcopum,
1890 2963 1994 3014 nisi
2016 2962 2173 3014 aliter
2195 2978 2320 3016 aue-

425 3043 641 3093 toritate
667 3041 719 3093 S.
746 3042 895 3094 Sedis
920 3045 1078 3096 fuerit
1108 3047 1394 3114 provisum.
1467 3046 1778 3116 Capitulum
1815 3051 1997 3098 tamen
2027 3050 2204 3115 potest
2237 3046 2318 3098 ibi

425 3124 606 3175 divina
629 3126 799 3178 officia
820 3145 1078 3198 peragere.

568 3211 651 3260 25.
702 3211 785 3261 Ad
833 3213 1054 3264 formam
1104 3213 1328 3266 Concilii
1376 3217 1675 3268 Tridentini
1722 3232 2063 3268 oeconomum
2111 3215 2177 3267 de
2224 3232 2319 3268 suo

424 3294 623 3370 gremio
648 3296 940 3361 capitulum
965 3298 1264 3366 deputabit,
1289 3302 1410 3353 sede
1438 3305 1677 3365 vacante,
1713 3302 1782 3352 ad
1820 3317 2000 3352 curam
2032 3300 2317 3378 gerendam

425 3376 671 3428 ecclesiae
695 3379 1023 3434 cathedralis,
2306 3413 2311 3417 -

735 3530 833 3584 VI.
880 3531 961 3584 De
992 3532 1296 3600 Diqmtate,
1331 3535 1551 3604 officiis,
1585 3541 1635 3589 et
1668 3533 2021 3605 officialibus.

492 3743 517 3790 t
570 3659 655 3710 26.
707 3659 878 3711 Unica
902 3662 1135 3731 dignitas
1160 3664 1260 3715 erit
1296 3664 1713 3734 praepositura,
1750 3683 1886 3734 quae
1919 3666 1973 3717 S.
2009 3665 2131 3718 Sedi
2158 3682 2315 3718 reser-

425 3755 491 3791 va
516 3757 594 3791 ur.
