2514 4504
403 339 527 399 400
1176 355 1415 397 ADmrIo
1457 357 1514 397 v.

395 504 667 571 receperit,
710 503 851 569 quod
900 502 1210 569 plerumque
1259 501 1550 569 continget.
1649 499 1900 561 Quamvis
1943 503 2087 555 enim
2127 521 2299 557 sacrae
2343 532 2354 544 ·

395 588 592 656 species
617 588 849 654 primum
876 585 1054 637 sedulo
1087 589 1293 652 sorptae
1331 585 1456 648 sint,
1490 589 1672 636 tamen
1697 586 1825 637 dum
1852 593 2152 652 sumuntur,
2176 605 2299 641 cum

395 672 702 743 particulae,
745 687 879 738 quae
918 671 1117 720 circum
1161 674 1303 732 sunt,
1345 669 1692 737 undequaque
1735 688 1940 723 sursum
1980 674 2299 739 deserantur,

394 775 500 810 non
542 758 645 808 nisi
689 757 926 823 deposito
972 753 1144 806 Calice
1186 755 1254 805 ad
1295 755 1467 805 imum
1506 755 1743 807 redeunt.
1818 756 1878 809 Si
1913 758 2094 825 itaque
2131 759 2301 811 divini

398 842 680 913 Sanguinis
706 845 863 911 gutta
887 840 1147 907 quaedam
1171 840 1397 906 supersit
1420 839 1611 903 adhuc,
1637 858 1698 891 ea
1722 858 1895 892 rursus
1920 859 1981 893 ac
2017 843 2300 911 diligenter

396 929 661 979 sorbeatur
681 932 736 978 et
772 927 988 994 quidem
1021 942 1085 976 ex
1109 925 1294 975 eadem
1334 929 1485 991 parte
1517 941 1624 992 qua
1655 926 1748 977 ille
1780 928 2015 994 primum
2049 932 2294 996 sumptus

399 1019 495 1066 est.
570 1014 720 1074 Quod
761 1011 1051 1063 nullimode
1090 1010 1451 1060 omittendum
1489 1014 1587 1073 est,
1623 1012 1750 1078 quia
1792 1011 2124 1063 Sacrificium
2159 1029 2299 1063 mor-

397 1100 553 1150 aliter
577 1100 749 1161 durat,
775 1102 830 1148 et
855 1113 1009 1164 super
1048 1095 1351 1147 extantibus
1389 1095 1560 1145 adhuc
1600 1097 1713 1146 vini
1738 1097 2006 1164 speciebus
2031 1114 2095 1148 ex
2119 1097 2301 1148 divino

397 1187 671 1252 praecepto
714 1182 966 1250 compleri
1003 1181 1177 1232 debet.

542 1267 887 1318 Postmodum
938 1265 1184 1317 Sacerdos
1231 1266 1291 1316 in
1339 1266 1516 1333 ipsum
1567 1263 1798 1317 Calicem
1845 1270 2061 1318 tantum
2110 1266 2299 1318 saltem

398 1369 566 1420 aquae
589 1352 795 1415 fundat,
813 1355 1075 1418 quantum
1098 1350 1245 1418 prius
1269 1351 1382 1401 vini
1405 1355 1668 1417 posuerat,
1682 1368 1902 1418 eamque
1926 1352 2302 1402 circumactam

400 1455 464 1489 ex
506 1438 690 1488 eadem
730 1442 898 1504 parte,
940 1452 1045 1504 qua
1088 1434 1142 1486 S.
1184 1434 1511 1505 Sanguinem
1559 1435 1764 1487 biberat
1811 1437 1869 1486 in
1916 1440 2164 1503 paratum
2211 1451 2303 1487 vas

400 1523 669 1574 demit-tat.
745 1520 976 1573 Calicem
1000 1521 1222 1572 subinde
1245 1522 1423 1588 ipsum
1447 1519 1813 1571 Purificatorio
1837 1520 2005 1572 linteo
2019 1520 2304 1588 abstergat,

400 1624 462 1658 ac
510 1607 728 1657 demum
776 1607 1060 1674 cooperiat,
1103 1605 1187 1656 uti
1235 1605 1366 1656 alias
1408 1604 1473 1656 fit
1521 1609 1683 1672 atque
1731 1606 1798 1657 ab
1845 1606 2002 1657 altari
2049 1606 2304 1658 discedat.

400 1691 669 1759 Depositis
710 1691 943 1742 vestibus
987 1691 1160 1753 sacris,
1197 1693 1253 1740 et
1290 1690 1581 1759 gratiarum
1613 1690 1820 1741 actione
1858 1690 2139 1758 completa,
2167 1705 2306 1758 aqua

403 1794 432 1827 e
470 1775 644 1827 Calice
687 1776 910 1826 demissa
947 1791 1042 1842 pro
1079 1791 1253 1825 rerum
1291 1774 1374 1842 adj
1382 1775 1556 1825 unctis
1595 1775 1679 1826 vel
1720 1776 1788 1826 ad
1830 1775 1974 1827 diem
2016 1775 2306 1826 crastinum

404 1865 634 1912 servetur
671 1859 742 1929 (si
778 1877 968 1927 nempe
999 1876 1059 1910 eo
1083 1875 1257 1910 rursus
1284 1857 1531 1910 Sacerdos
1554 1859 1734 1910 redeat
1756 1859 1979 1910 Missam
2003 1856 2306 1928 habiturus)

402 1949 459 1996 et
498 1945 556 1994 in
593 1945 820 1995 secunda
853 1943 1222 2011 purificatione
1253 1943 1312 1993 in
1349 1941 1581 1995 Calicem
1610 1944 1944 2008 demittatur,
1968 1944 2054 1996 vel
2078 1943 2307 2014 gossipio

404 2032 501 2079 aut
524 2033 680 2096 stupa
704 2029 949 2095 absorpta
974 2028 1327 2091 comburatur,
1350 2027 1436 2078 vel
1459 2028 1518 2078 in
1543 2027 1776 2080 Sacrario
1812 2029 1859 2080 si
1894 2030 1966 2080 sit
2001 2027 2308 2080 exsiccanda

405 2113 750 2181 relinquatur,
773 2113 858 2164 vel
883 2112 1199 2163 demittatur
1222 2113 1281 2162 in
1304 2112 1582 2180 piscinam.

549 2196 685 2249 Cum
722 2201 904 2248 autem
946 2197 1100 2259 calix,
1141 2213 1246 2264 quo
1289 2196 1537 2248 Sacerdos
1574 2198 1808 2265 primum
1850 2201 1931 2249 est
1971 2215 2115 2261 usuS,
2149 2196 2307 2266 purifi

407 2286 555 2335 catus
582 2282 700 2351 jam
736 2283 824 2346 sit,
851 2283 895 2334 si
932 2282 1025 2334 illo
1061 2282 1176 2349 ipso
1200 2299 1294 2350 pro
1317 2282 1484 2334 Missa
1507 2282 1672 2334 altera
1697 2283 1954 2352 indigeat,
1978 2300 2101 2334 eum
2127 2299 2303 2334 secum

408 2368 638 2419 deferat:
676 2384 822 2418 secus
846 2384 967 2418 vero
990 2367 1049 2418 in
1072 2367 1237 2417 altera
1259 2367 1425 2418 Missa
1449 2367 1652 2419 diverso
1678 2366 1854 2419 Calice
1876 2368 1962 2418 uti
1985 2368 2199 2435 poterit.

553 2450 697 2504 Cam
719 2448 978 2520 superior
1002 2449 1059 2504 S.
1078 2450 1148 2503 R.
1171 2450 1227 2503 0.
1252 2450 1558 2504 Instructio
1581 2450 1821 2505 ‘nonnisi
1845 2467 2040 2504 casum
2062 2449 2306 2523 respicit,

409 2553 518 2606 quo
560 2534 824 2589 Sacerdos
863 2534 1008 2587 duas
1050 2534 1256 2606 Missas
1299 2534 1518 2588 dissitis
1559 2534 1628 2588 i‘n
1669 2534 1808 2589 ‘locis
1857 2534 2046 2588 eadem
2093 2533 2185 2587 die
2231 2533 2308 2587 sit

408 2620 810 2682 celebratarus;
871 2627 1065 2690 operae
1103 2618 1360 2689 pretium
1407 2618 1595 2673 visam
1644 2625 1719 2672 est
1766 2636 1829 2673 ex
1879 2617 2307 2673 Commentariis

410 2702 819 2759 Bartholomaei
858 2702 1099 2757 Gavanti
1141 2708 1189 2756 et
1233 2702 1485 2772 Oajeta‘ni
1520 2702 1739 2757 Mariae
1774 2701 1981 2756 Merati
2015 2701 2104 2755 hic
2125 2701 2308 2755 ritum

410 2792 712 2861 adjunyere
736 2808 773 2843 a
797 2789 1080 2843 Sacerdote
1103 2789 1441 2843 servandum
1467 2807 1597 2843 cwm
1631 2795 1929 2860 atramque
1964 2787 2204 2842 Missam
2238 2787 2307 2842 im

413 2877 601 2931 eadem
622 2874 865 2929 Ecclesia
890 2873 1077 2943 offerre
1110 2873 1272 2927 debet.

555 2962 674 3013 Hoc
695 2963 878 3029 itaque
900 2961 959 3011 in
984 2977 1104 3011 casu
1143 2959 1389 3012 Sacerdos
1426 2964 1548 3028 post
1588 2961 1842 3012 haustum
1865 2960 1924 3012 in
1946 2959 2118 3028 prima
2141 2959 2307 3011 Missa

413 3049 693 3117 diligenter
741 3045 1065 3114 Sanguinem
1113 3045 1349 3110 Domini,
1392 3047 1585 3097 omissa
1627 3049 1877 3097 consueta
1924 3045 2306 3113 purificatione,

413 3137 607 3202 patena
654 3130 874 3181 calicem
923 3133 979 3180 et
1024 3129 1167 3196 palla
1202 3133 1454 3197 patenam
1501 3133 1686 3199 tegens
1734 3146 1796 3181 ac
1844 3146 1998 3198 super
2045 3128 2307 3197 corporale
2387 3194 2393 3198 μ

413 3215 728 3281 relinquenS,
788 3211 933 3263 dicet
982 3211 1188 3279 junctis
1248 3211 1524 3264 manibus:
1596 3209 1759 3277 Quod
1806 3227 1896 3264 ore
1954 3208 2306 3280 sumpsimus

413 3297 669 3361 Domine,
692 3301 783 3349 etc.
854 3295 1060 3347 Deinde
1083 3295 1298 3365 digitos,
1332 3295 1523 3362 quibus
1562 3295 1655 3348 SS.
1682 3295 2079 3348 Sacramentum
2103 3295 2306 3364 tetigit,

414 3385 473 3435 in
495 3384 675 3452 aliquo
698 3398 819 3433 vase
841 3380 1040 3432 mundo
1063 3381 1132 3432 ad
1155 3381 1254 3432 hoc
1277 3381 1336 3431 in
1359 3381 1531 3433 Altari
1554 3384 1858 3450 praeparato
1875 3381 2072 3444 abluet,
2090 3380 2305 3431 interim

416 3469 593 3520 dicens
638 3464 854 3533 Corpus
895 3467 1062 3515 tuwm
1102 3463 1360 3528 Domvhw,
1406 3469 1516 3528 etc„
1557 3465 1904 3533 abstersisque
1950 3463 2305 3532 purificatorio

418 3552 605 3622 digitis
629 3551 848 3602 calicem
872 3550 988 3602 velo
1012 3550 1291 3617 cooperiet,
1315 3550 1653 3617 velatumque
1685 3553 1848 3618 ponet
1871 3565 2024 3617 super
2045 3547 2304 3616 corporale
