2514 4504
309 469 351 528 6
887 485 1047 527 cerm.
1093 482 1264 524 PROV.
1312 479 1534 522 wEer.
1580 477 1618 520 1.

448 637 499 684 4.
550 632 685 685 Cum
721 615 918 683 mirum
954 632 1011 681 in
1048 631 1266 682 modum
1303 629 1712 680 disseminentur
1747 627 1964 693 ubique,
1989 629 2044 677 et
2078 626 2206 694 ipsis

278 753 280 755 -
305 718 682 770 catholicorum
707 718 951 768 domibus
976 714 1392 776 introducantur,
1418 718 1513 764 aut
1551 713 1716 763 etiam
1742 729 1922 763 eorum
1960 712 2207 763 manibus

306 803 598 854 inserantur
621 803 835 870 pessimi
871 801 1057 864 libelli,
1082 801 1139 850 in
1175 799 1486 866 religionem
1524 796 1843 847 catholicam
1881 797 2208 860 invehentes»,

306 889 389 940 vel
414 906 531 939 eam
561 888 857 950 calumniiS,
894 886 1199 949 mendaciiS,
1241 889 1296 935 et
1332 883 1583 935 conviciis
1620 883 2017 950 impugnanteS,
2054 898 2208 932 mon-

306 978 491 1024 eantur
514 973 709 1036 fideles,
734 978 798 1023 ut
822 973 889 1023 ab
911 973 1039 1040 ipsis
1064 970 1301 1039 legendis
1326 987 1433 1020 sese
1458 969 1762 1019 abstineant
1782 986 1795 1028 ;
1833 967 1944 1018 imo
1970 971 2034 1017 ut
2063 984 2149 1018 eos
2173 983 2208 1017 a

308 1075 359 1108 se
383 1060 598 1125 penitus
622 1050 883 1127 rejiciant,
906 1058 1162 1110 revocatis
1177 1058 1235 1107 in
1255 1073 1433 1107 eorum
1459 1058 1665 1105 mentes
1683 1053 1866 1121 poenis
1883 1053 1950 1103 ab
1969 1052 2209 1104 Ecclesia

306 1143 543 1207 indictiS,
568 1150 747 1195 contra
771 1145 1002 1213 legentes
1027 1143 1331 1211 hujusmodi
1355 1142 1531 1192 libros
1607 1139 1709 1191 Sed
1735 1156 1840 1207 quo
1865 1138 2056 1190 melius
2080 1137 2210 1189 huic

307 1234 601 1280 occurratur
617 1231 773 1297 pesti,
798 1229 1071 1297 provideat
1096 1228 1328 1279 sacerdos
1352 1227 1605 1278 librorum
1631 1227 1857 1294 piorum,
1883 1229 1939 1276 et
1963 1224 2211 1276 aedifica-

307 1314 507 1364 tionem
531 1315 895 1382 praebentium
921 1315 1147 1382 copiam,
1174 1331 1263 1364 seu
1289 1314 1356 1364 ad
1377 1317 1596 1380 captum
1615 1329 1827 1363 suorum
1848 1315 2209 1378 comparatam

308 1398 700 1463 bibliothecam,
725 1395 792 1451 ex>
813 1415 919 1467 qua
943 1400 1107 1450 etiam
1131 1415 1384 1466 pauperes
1403 1402 1458 1448 et
1472 1399 1702 1449 rudiores
1717 1398 1911 1449 utilem
1931 1397 2209 1449 scientiam

308 1483 513 1535 haurire
537 1485 765 1548 valeant,
790 1484 935 1535 libris
960 1485 1027 1534 ad
1053 1488 1264 1551 tempus
1280 1484 1409 1551 ipsis
1428 1483 1716 1551 praestitis
1789 1483 2212 1534 Disseminentur

308 1570 473 1621 etiam
496 1564 636 1622 inter
658 1571 777 1622 illos
796 1574 1059 1637 quantum
1075 1569 1188 1620 fieri
1204 1573 1398 1637 potest,
1417 1570 1668 1638 opuscula
1687 1572 1794 1639 pia,
1814 1587 1951 1639 quae
1968 1568 2211 1638 quotidie

307 1671 340 1706 a
362 1657 552 1707 nostris
577 1657 719 1724 typis
743 1655 1079 1706 mandantur.

273 1747 337 1776 θ’
451 1742 501 1792 5.
551 1740 703 1802 Quod
726 1758 845 1792 vero
870 1741 937 1792 de
967 1741 1156 1792 scholis
1198 1741 1518 1809 pauperibus
1556 1741 1837 1792 destinatis
1862 1741 2210 1804 decrevimUS,

307 1825 365 1876 id
389 1826 553 1876 etiam
576 1827 644 1877 ad
680 1826 809 1876 alias
853 1826 1051 1877 scholas
1088 1827 1146 1876 in
1183 1826 1375 1894 quibus
1411 1826 1662 1876 honestae
1698 1827 2019 1878 conditionis
2058 1825 2211 1894 pueri

307 1901 613 1974 educantur,
637 1911 881 1962 volumus
899 1911 1172 1979 applicari.
1233 1911 1454 1962 Moneat
1474 1912 1679 1963 scilicet
1693 1916 1935 1979 parentes
1961 1912 2212 1975 sacerdos,

307 1999 371 2046 ut
394 1995 582 2046 liberos
605 1996 672 2046 ad
699 1995 956 2064 ejusmodi
995 1996 1194 2047 scholas
1229 2012 1336 2047 non
1373 1997 1619 2058 mittant,
1650 1997 1743 2047 ubi
1780 2014 1904 2047 cum
1940 1996 2213 2065 religionis

308 2079 602 2149 dispendio,
625 2080 710 2133 vel
733 2081 984 2149 pericu10,
1009 2083 1231 2134 scientia
1254 2098 1395 2136 mere
1419 2082 1690 2136 mundana
1712 2084 1842 2151 ipsis
1865 2083 2112 2136 traditur.

974 2356 1382 2423 DECRETUM
1442 2356 1545 2409 IX.

724 2530 807 2586 De
853 2531 1206 2602 Profe-ssione
1252 2531 1418 2586 Fidei
1465 2531 1780 2587 emittenda.

454 2708 622 2763 Juxta
647 2709 700 2762 S.
726 2710 1067 2761 Tridentinae
1093 2709 1292 2779 Synodi
1328 2710 1551 2762 Decreta
1576 2714 1632 2760 et
1657 2708 1999 2763 Summorum
2023 2711 2214 2765 Ponti-

313 2793 475 2846 ficum
500 2795 903 2845 constitutiones
928 2793 1058 2861 (sess
1082 2796 1242 2859 xxiv„
1268 2812 1314 2847 c.
1345 2797 1392 2858 l,
1417 2798 1474 2846 et
1498 2811 1543 2845 c.
1573 2796 1658 2858 12,
1683 2794 1763 2846 De
1786 2794 2009 2863 reform.
2083 2797 2214 2850 Pius

316 2879 411 2930 IV.
451 2879 510 2929 in
552 2878 739 2931 Bulla:
776 2877 853 2930 In
890 2878 1281 2949 sacrosancta),
1323 2880 1675 2947 praecipimus
1718 2883 1783 2930 ut
1825 2882 1918 2949 qui
1961 2881 2030 2933 ad
2076 2884 2214 2934 insra

315 2963 569 3015 recensita
603 2980 820 3014 munera
857 2964 1214 3034 designantur,
1250 2965 1622 3032 professionem
1658 2964 1783 3015 fidei
1808 2982 1840 3015 a
1865 2965 1966 3016 Pio
2003 2966 2117 3030 IV„
2154 2969 2212 3019 in

315 3055 463 3108 bulla
499 3045 831 3123 Injuhctum
871 3053 1041 3107 Nobis
1082 3071 1221 3106 anno
1263 3055 1401 3107 1564
1444 3054 1664 3119 editam,
1700 3061 1945 3124 prompte
1981 3061 2036 3108 et
2072 3058 2214 3111 intra

316 3141 567 3192 terminos
590 3141 951 3209 praescriptos,
987 3141 1260 3192 emittant.
1333 3139 1554 3192 Scilicet
1593 3140 1647 3191 1⁰
1684 3143 1916 3209 episcopi
1953 3142 2012 3193 in
2037 3145 2212 3211 prima
2293 3186 2296 3190 ,

315 3225 626 3293 provinciali
666 3224 875 3294 Synodo
915 3227 1005 3278 cui
1050 3226 1424 3290 interfuerint3
1473 3226 1616 3295 quod
1662 3242 1759 3279 nos
1805 3230 2069 3295 praestare
2104 3245 2209 3281 non

316 3310 662 3378 negleximus·

460 3397 510 3445 2.
559 3394 758 3445 Vicarii
782 3395 1065 3464 generales,

462 3480 509 3530 3.
562 3477 813 3530 Canonici
849 3484 969 3547 post
1004 3479 1441 3547 nominationem,
1465 3481 1524 3533 in
1560 3482 1675 3551 ipso
1711 3482 1965 3551 capitulo,
1991 3489 2047 3536 et
2070 3485 2209 3538 infra

315 3562 564 3615 bimestre
587 3563 646 3613 in
669 3563 913 3614 manibus
937 3565 1185 3632 episcopi.

458 3649 509 3697 4.
560 3646 801 3699 Rectores
825 3647 1179 3700 Ecclesiarum
1203 3649 1363 3701 aliive
1387 3667 1566 3702 curam
1590 3651 1891 3704 animarum
1916 3653 2183 3708 habentes.

460 3733 508 3782 5.
560 3731 871 3783 Professores
908 3731 1094 3784 Sacrae
1131 3732 1429 3803 theologiae
1466 3741 1520 3788 et
1555 3735 1920 3806 philosophiae
1956 3738 2014 3790 in
2048 3742 2206 3793 semi-

318 3815 476 3866 nariis
514 3818 569 3866 et
608 3814 862 3884 collegiis.
