<?xml version="1.0" encoding="UTF-8"?>
<!DOCTYPE html PUBLIC "-//W3C//DTD XHTML 1.0 Transitional//EN"
    "http://www.w3.org/TR/xhtml1/DTD/xhtml1-transitional.dtd">
<html xmlns="http://www.w3.org/1999/xhtml" xml:lang="en" lang="en">
 <head>
  <title>
</title>
<meta http-equiv="Content-Type" content="text/html;charset=utf-8" />
  <meta name='ocr-system' content='tesseract 3.04.00' />
  <meta name='ocr-capabilities' content='ocr_page ocr_carea ocr_par ocr_line ocrx_word'/>
</head>
<body>
  <div class='ocr_page' id='page_1' title='image "a613743300cathuoft_0091.png"; bbox 0 0 2514 4504; ppageno 0'>
   <div class='ocr_carea' id='block_1_1' title="bbox 965 524 2114 585">
    <p class='ocr_par' dir='ltr' id='par_1_1' title="bbox 965 524 2114 585">
     <span class='ocr_line' id='line_1_1' title="bbox 965 524 2114 585; baseline 0 -1"><span class='ocrx_word' id='word_1_1' title='bbox 965 542 1211 585; x_wconf 76' lang='lat' dir='ltr'>APPEND.</span> <span class='ocrx_word' id='word_1_2' title='bbox 1258 540 1425 584; x_wconf 85' lang='lat' dir='ltr'>xxm.</span> <span class='ocrx_word' id='word_1_3' title='bbox 2033 524 2114 584; x_wconf 88' lang='grc'>73</span> 
     </span>
    </p>
   </div>
   <div class='ocr_carea' id='block_1_2' title="bbox 212 692 2126 1346">
    <p class='ocr_par' dir='ltr' id='par_1_2' title="bbox 212 692 2126 1346">
     <span class='ocr_line' id='line_1_2' title="bbox 212 692 2122 765; baseline -0.003 -18"><span class='ocrx_word' id='word_1_4' title='bbox 212 694 548 765; x_wconf 81' lang='lat' dir='ltr'>peculiariter</span> <span class='ocrx_word' id='word_1_5' title='bbox 571 696 813 747; x_wconf 90' lang='lat' dir='ltr'>eamdem</span> <span class='ocrx_word' id='word_1_6' title='bbox 839 693 1152 745; x_wconf 85' lang='lat' dir='ltr'>methodum</span> <span class='ocrx_word' id='word_1_7' title='bbox 1179 693 1653 744; x_wconf 85' lang='lat' dir='ltr'>commendandam</span> <span class='ocrx_word' id='word_1_8' title='bbox 1679 692 1930 755; x_wconf 88' lang='lat' dir='ltr'>decrevit,</span> <span class='ocrx_word' id='word_1_9' title='bbox 1955 697 2122 759; x_wconf 87' lang='lat' dir='ltr'>utque</span> 
     </span>
     <span class='ocr_line' id='line_1_3' title="bbox 213 777 2124 848; baseline -0.001 -17"><span class='ocrx_word' id='word_1_10' title='bbox 213 780 424 848; x_wconf 90' lang='lat' dir='ltr'>insuper</span> <span class='ocrx_word' id='word_1_11' title='bbox 462 779 752 832; x_wconf 87' lang='lat' dir='ltr'>Instructio</span> <span class='ocrx_word' id='word_1_12' title='bbox 790 779 858 848; x_wconf 87' lang='lat'>(¹)</span> <span class='ocrx_word' id='word_1_13' title='bbox 906 779 1197 831; x_wconf 88' lang='lat' dir='ltr'>traderetur</span> <span class='ocrx_word' id='word_1_14' title='bbox 1238 794 1407 845; x_wconf 85' lang='lat' dir='ltr'>nuper</span> <span class='ocrx_word' id='word_1_15' title='bbox 1454 777 1602 828; x_wconf 88' lang='lat' dir='ltr'>edita</span> <span class='ocrx_word' id='word_1_16' title='bbox 1637 793 1731 844; x_wconf 90' lang='lat' dir='ltr'>pro</span> <span class='ocrx_word' id='word_1_17' title='bbox 1780 777 2124 829; x_wconf 87' lang='lat' dir='ltr'>missionariis</span> 
     </span>
     <span class='ocr_line' id='line_1_4' title="bbox 212 861 2125 935; baseline -0.002 -19"><span class='ocrx_word' id='word_1_18' title='bbox 212 866 538 935; x_wconf 85' lang='lat' dir='ltr'>regularibus</span> <span class='ocrx_word' id='word_1_19' title='bbox 596 866 739 934; x_wconf 91' lang='lat' dir='ltr'>apud</span> <span class='ocrx_word' id='word_1_20' title='bbox 799 864 968 918; x_wconf 78' lang='lat' dir='ltr'>Sinas·</span> <span class='ocrx_word' id='word_1_21' title='bbox 1078 863 1356 915; x_wconf 78' lang='lat' dir='ltr'>Sententia</span> <span class='ocrx_word' id='word_1_22' title='bbox 1418 862 1472 914; x_wconf 83' lang='lat' dir='ltr'>S.</span> <span class='ocrx_word' id='word_1_23' title='bbox 1538 861 1975 931; x_wconf 89' lang='lat' dir='ltr'>Congregationis</span> <span class='ocrx_word' id='word_1_24' title='bbox 2031 878 2125 929; x_wconf 90' lang='lat' dir='ltr'>per</span> 
     </span>
     <span class='ocr_line' id='line_1_5' title="bbox 213 947 2126 1019; baseline -0.003 -17"><span class='ocrx_word' id='word_1_25' title='bbox 213 949 621 1003; x_wconf 84' lang='lat' dir='ltr'>Sanctissimum</span> <span class='ocrx_word' id='word_1_26' title='bbox 647 951 712 1003; x_wconf 92' lang='lat' dir='ltr'>D.</span> <span class='ocrx_word' id='word_1_27' title='bbox 738 951 806 1002; x_wconf 91' lang='lat' dir='ltr'>N.</span> <span class='ocrx_word' id='word_1_28' title='bbox 832 951 1052 1019; x_wconf 89' lang='lat' dir='ltr'>probata</span> <span class='ocrx_word' id='word_1_29' title='bbox 1078 949 1417 999; x_wconf 87' lang='lat' dir='ltr'>Eminentiae</span> <span class='ocrx_word' id='word_1_30' title='bbox 1442 948 1589 998; x_wconf 84' lang='lat' dir='ltr'>Tuae</span> <span class='ocrx_word' id='word_1_31' title='bbox 1621 947 1878 1015; x_wconf 84' lang='lat' dir='ltr'>peculiari</span> <span class='ocrx_word' id='word_1_32' title='bbox 1901 947 2126 1014; x_wconf 88' lang='lat' dir='ltr'>epistola</span> 
     </span>
     <span class='ocr_line' id='line_1_6' title="bbox 213 1032 2124 1106; baseline -0.001 -21"><span class='ocrx_word' id='word_1_33' title='bbox 213 1036 507 1100; x_wconf 80' lang='lat' dir='ltr'>exhibetur,</span> <span class='ocrx_word' id='word_1_34' title='bbox 547 1054 681 1105; x_wconf 90' lang='lat' dir='ltr'>quae</span> <span class='ocrx_word' id='word_1_35' title='bbox 720 1036 1025 1106; x_wconf 90' lang='lat' dir='ltr'>appendicis</span> <span class='ocrx_word' id='word_1_36' title='bbox 1064 1035 1221 1086; x_wconf 92' lang='lat' dir='ltr'>modo</span> <span class='ocrx_word' id='word_1_37' title='bbox 1260 1034 1482 1085; x_wconf 83' lang='lat' dir='ltr'>decretis</span> <span class='ocrx_word' id='word_1_38' title='bbox 1522 1032 1860 1100; x_wconf 87' lang='lat' dir='ltr'>synodalibus</span> <span class='ocrx_word' id='word_1_39' title='bbox 1900 1033 2124 1100; x_wconf 89' lang='lat' dir='ltr'>adjungi</span> 
     </span>
     <span class='ocr_line' id='line_1_7' title="bbox 215 1118 2125 1191; baseline -0.002 -20"><span class='ocrx_word' id='word_1_40' title='bbox 215 1120 405 1184; x_wconf 88' lang='lat' dir='ltr'>valeat,</span> <span class='ocrx_word' id='word_1_41' title='bbox 425 1122 685 1189; x_wconf 87' lang='lat' dir='ltr'>simulque</span> <span class='ocrx_word' id='word_1_42' title='bbox 710 1123 1049 1191; x_wconf 89' lang='lat' dir='ltr'>porriguntur</span> <span class='ocrx_word' id='word_1_43' title='bbox 1067 1124 1390 1171; x_wconf 89' lang='lat' dir='ltr'>memoratae</span> <span class='ocrx_word' id='word_1_44' title='bbox 1410 1118 1778 1169; x_wconf 85' lang='lat' dir='ltr'>instructionis</span> <span class='ocrx_word' id='word_1_45' title='bbox 1804 1118 2125 1186; x_wconf 90' lang='lat' dir='ltr'>exemplaria</span> 
     </span>
     <span class='ocr_line' id='line_1_8' title="bbox 213 1203 2126 1275; baseline -0.001 -19"><span class='ocrx_word' id='word_1_46' title='bbox 213 1206 488 1270; x_wconf 91' lang='lat' dir='ltr'>nonnulla,</span> <span class='ocrx_word' id='word_1_47' title='bbox 511 1211 576 1258; x_wconf 94' lang='lat' dir='ltr'>ut</span> <span class='ocrx_word' id='word_1_48' title='bbox 602 1208 895 1275; x_wconf 81' lang='lat' dir='ltr'>EpiscopiS,</span> <span class='ocrx_word' id='word_1_49' title='bbox 920 1211 976 1257; x_wconf 92' lang='lat' dir='ltr'>et</span> <span class='ocrx_word' id='word_1_50' title='bbox 1001 1205 1368 1274; x_wconf 86' lang='lat' dir='ltr'>Superioribus</span> <span class='ocrx_word' id='word_1_51' title='bbox 1403 1204 1651 1256; x_wconf 90' lang='lat' dir='ltr'>ordinum</span> <span class='ocrx_word' id='word_1_52' title='bbox 1677 1203 2000 1273; x_wconf 86' lang='lat' dir='ltr'>regularium</span> <span class='ocrx_word' id='word_1_53' title='bbox 2032 1220 2126 1272; x_wconf 83' lang='lat' dir='ltr'>per</span> 
     </span>
     <span class='ocr_line' id='line_1_9' title="bbox 216 1290 1344 1346; baseline 0.001 -5"><span class='ocrx_word' id='word_1_54' title='bbox 216 1290 335 1342; x_wconf 90' lang='lat' dir='ltr'>Em.</span> <span class='ocrx_word' id='word_1_55' title='bbox 361 1292 533 1343; x_wconf 90' lang='lat' dir='ltr'>Tuam</span> <span class='ocrx_word' id='word_1_56' title='bbox 558 1293 844 1344; x_wconf 87' lang='lat' dir='ltr'>manifesta</span> <span class='ocrx_word' id='word_1_57' title='bbox 869 1293 1053 1346; x_wconf 76' lang='lat' dir='ltr'>eadem</span> <span class='ocrx_word' id='word_1_58' title='bbox 1078 1292 1344 1343; x_wconf 89' lang='lat' dir='ltr'>reddatur.</span> 
     </span>
    </p>
   </div>
   <div class='ocr_carea' id='block_1_3' title="bbox 359 1375 2127 1446">
    <p class='ocr_par' dir='ltr' id='par_1_3' title="bbox 359 1375 2127 1446">
     <span class='ocr_line' id='line_1_10' title="bbox 359 1375 2127 1446; baseline -0.002 -17"><span class='ocrx_word' id='word_1_59' title='bbox 359 1377 572 1430; x_wconf 84' lang='lat' dir='ltr'>Interea</span> <span class='ocrx_word' id='word_1_60' title='bbox 609 1394 798 1430; x_wconf 88' lang='lat' dir='ltr'>manus</span> <span class='ocrx_word' id='word_1_61' title='bbox 835 1379 1182 1446; x_wconf 88' lang='lat' dir='ltr'>obsequenter</span> <span class='ocrx_word' id='word_1_62' title='bbox 1213 1376 1519 1429; x_wconf 88' lang='lat' dir='ltr'>deosculans</span> <span class='ocrx_word' id='word_1_63' title='bbox 1557 1392 1747 1429; x_wconf 90' lang='lat' dir='ltr'>maneo</span> <span class='ocrx_word' id='word_1_64' title='bbox 1785 1375 2127 1427; x_wconf 83' lang='lat' dir='ltr'>Eminentiae</span> 
     </span>
    </p>
   </div>
   <div class='ocr_carea' id='block_1_4' title="bbox 215 1461 1948 1598">
    <p class='ocr_par' dir='ltr' id='par_1_4' title="bbox 215 1461 1948 1598">
     <span class='ocr_line' id='line_1_11' title="bbox 215 1461 1948 1598; baseline -0.002 -11"><span class='ocrx_word' id='word_1_65' title='bbox 215 1461 362 1516; x_wconf 63' lang='lat' dir='ltr'>Tuae</span> <span class='ocrx_word' id='word_1_66' title='bbox 813 1535 1170 1587; x_wconf 87' lang='lat' dir='ltr'>Humillimus</span> <span class='ocrx_word' id='word_1_67' title='bbox 1195 1539 1252 1586; x_wconf 91' lang='lat' dir='ltr'>et</span> <span class='ocrx_word' id='word_1_68' title='bbox 1276 1535 1672 1587; x_wconf 88' lang='lat' dir='ltr'>addictissimus</span> <span class='ocrx_word' id='word_1_69' title='bbox 1698 1533 1948 1598; x_wconf 88' lang='lat' dir='ltr'>famulus,</span> 
     </span>
    </p>
   </div>
   <div class='ocr_carea' id='block_1_5' title="bbox 216 1617 2127 1953">
    <p class='ocr_par' dir='ltr' id='par_1_5' title="bbox 216 1617 2127 1953">
     <span class='ocr_line' id='line_1_12' title="bbox 1083 1617 2017 1688; baseline -0.003 -14"><span class='ocrx_word' id='word_1_70' title='bbox 1083 1620 1138 1674; x_wconf 83' lang='lat' dir='ltr'>J.</span> <span class='ocrx_word' id='word_1_71' title='bbox 1164 1620 1264 1672; x_wconf 90' lang='lat' dir='ltr'>Ph.</span> <span class='ocrx_word' id='word_1_72' title='bbox 1294 1620 1467 1674; x_wconf 83' lang='lat' dir='ltr'>CARD.</span> <span class='ocrx_word' id='word_1_73' title='bbox 1495 1621 1802 1683; x_wconf 76' lang='lat' dir='ltr'>FRANsom‚</span> <span class='ocrx_word' id='word_1_74' title='bbox 1825 1617 2017 1688; x_wconf 77' lang='lat' dir='ltr'>Praef.</span> 
     </span>
     <span class='ocr_line' id='line_1_13' title="bbox 216 1708 2088 1775; baseline 0.001 -14"><span class='ocrx_word' id='word_1_75' title='bbox 216 1709 539 1764; x_wconf 90' lang='lat' dir='ltr'>Londinum.</span> <span class='ocrx_word' id='word_1_76' title='bbox 1360 1712 1444 1764; x_wconf 94' lang='lat' dir='ltr'>Al.</span> <span class='ocrx_word' id='word_1_77' title='bbox 1472 1711 1754 1775; x_wconf 78' lang='lat' dir='ltr'>BARNABo,</span> <span class='ocrx_word' id='word_1_78' title='bbox 1791 1728 1829 1763; x_wconf 84' lang='lat' dir='ltr'>a</span> <span class='ocrx_word' id='word_1_79' title='bbox 1852 1708 2088 1763; x_wconf 79' lang='lat' dir='ltr'>secretis.</span> 
     </span>
     <span class='ocr_line' id='line_1_14' title="bbox 361 1796 2127 1861; baseline 0.001 -13"><span class='ocrx_word' id='word_1_80' title='bbox 361 1797 798 1851; x_wconf 87' lang='lat' dir='ltr'>Eminentissimo</span> <span class='ocrx_word' id='word_1_81' title='bbox 813 1814 874 1850; x_wconf 90' lang='lat' dir='ltr'>ac</span> <span class='ocrx_word' id='word_1_82' title='bbox 886 1797 1341 1850; x_wconf 87' lang='lat' dir='ltr'>Reverendissimo</span> <span class='ocrx_word' id='word_1_83' title='bbox 1356 1796 1586 1849; x_wconf 91' lang='lat' dir='ltr'>Domino</span> <span class='ocrx_word' id='word_1_84' title='bbox 1597 1796 1748 1851; x_wconf 82' lang='lat' dir='ltr'>Card.</span> <span class='ocrx_word' id='word_1_85' title='bbox 1757 1796 1827 1849; x_wconf 89' lang='lat' dir='ltr'>N.</span> <span class='ocrx_word' id='word_1_86' title='bbox 1838 1796 2127 1861; x_wconf 67' lang='lat' dir='ltr'>Wisemam</span> 
     </span>
     <span class='ocr_line' id='line_1_15' title="bbox 216 1883 1208 1953; baseline -0.001 -18"><span class='ocrx_word' id='word_1_87' title='bbox 216 1883 622 1953; x_wconf 87' lang='lat' dir='ltr'>Archiepiscopo</span> <span class='ocrx_word' id='word_1_88' title='bbox 645 1884 1208 1936; x_wconf 86' lang='lat' dir='ltr'>Westmonasteriensi.</span> 
     </span>
    </p>
   </div>
   <div class='ocr_carea' id='block_1_6' title="bbox 1060 2163 1279 2217">
    <p class='ocr_par' dir='ltr' id='par_1_6' title="bbox 1060 2163 1279 2217">
     <span class='ocr_line' id='line_1_16' title="bbox 1060 2163 1279 2217; baseline 0 0"><span class='ocrx_word' id='word_1_89' title='bbox 1060 2163 1279 2217; x_wconf 92' lang='lat' dir='ltr'>XXIII.</span> 
     </span>
    </p>
   </div>
   <div class='ocr_carea' id='block_1_7' title="bbox 576 2297 1767 2354">
    <p class='ocr_par' dir='ltr' id='par_1_7' title="bbox 576 2297 1767 2354">
     <span class='ocr_line' id='line_1_17' title="bbox 576 2297 1767 2354; baseline -0.002 -1"><span class='ocrx_word' id='word_1_90' title='bbox 576 2298 677 2354; x_wconf 87' lang='lat' dir='ltr'>DE</span> <span class='ocrx_word' id='word_1_91' title='bbox 724 2298 1125 2354; x_wconf 86' lang='lat' dir='ltr'>EXERCITIO</span> <span class='ocrx_word' id='word_1_92' title='bbox 1175 2297 1767 2353; x_wconf 86' lang='lat' dir='ltr'>PONTIFICALIUM</span> 
     </span>
    </p>
   </div>
   <div class='ocr_carea' id='block_1_8' title="bbox 281 2428 2067 2587">
    <p class='ocr_par' dir='ltr' id='par_1_8' title="bbox 281 2428 2067 2587">
     <span class='ocr_line' id='line_1_18' title="bbox 281 2428 2067 2482; baseline -0.001 0"><span class='ocrx_word' id='word_1_93' title='bbox 281 2429 513 2482; x_wconf 80' lang='lat' dir='ltr'><strong>EXTRA</strong></span> <span class='ocrx_word' id='word_1_94' title='bbox 558 2431 911 2482; x_wconf 85' lang='lat' dir='ltr'>PROPRIAM</span> <span class='ocrx_word' id='word_1_95' title='bbox 960 2431 1329 2481; x_wconf 83' lang='lat' dir='ltr'>DIOEOESIM</span> <span class='ocrx_word' id='word_1_96' title='bbox 1376 2431 1716 2481; x_wconf 83' lang='lat' dir='ltr'>EPISOOPIS</span> <span class='ocrx_word' id='word_1_97' title='bbox 1762 2428 2067 2481; x_wconf 77' lang='lat' dir='ltr'>ANGLIAE</span> 
     </span>
     <span class='ocr_line' id='line_1_19' title="bbox 1001 2536 1347 2587; baseline 0.003 -1"><span class='ocrx_word' id='word_1_98' title='bbox 1001 2536 1347 2587; x_wconf 78' lang='lat' dir='ltr'>GONOESSO.</span> 
     </span>
    </p>
   </div>
   <div class='ocr_carea' id='block_1_9' title="bbox 719 2655 1622 2698">
    <p class='ocr_par' dir='ltr' id='par_1_9' title="bbox 719 2655 1622 2698">
     <span class='ocr_line' id='line_1_20' title="bbox 719 2655 1622 2698; baseline -0.002 0"><span class='ocrx_word' id='word_1_99' title='bbox 719 2656 845 2698; x_wconf 81' lang='lat' dir='ltr'>DEO.</span> <span class='ocrx_word' id='word_1_100' title='bbox 882 2656 928 2698; x_wconf 84' lang='lat' dir='ltr'>S.</span> <span class='ocrx_word' id='word_1_101' title='bbox 965 2656 1129 2697; x_wconf 82' lang='lat' dir='ltr'>CONG.</span> <span class='ocrx_word' id='word_1_102' title='bbox 1167 2657 1241 2695; x_wconf 86' lang='lat' dir='ltr'>DE</span> <span class='ocrx_word' id='word_1_103' title='bbox 1277 2656 1435 2696; x_wconf 85' lang='lat' dir='ltr'>PROP.</span> <span class='ocrx_word' id='word_1_104' title='bbox 1473 2655 1622 2696; x_wconf 87' lang='lat' dir='ltr'>FIDE.</span> 
     </span>
    </p>
   </div>
   <div class='ocr_carea' id='block_1_10' title="bbox 217 2776 2130 3785">
    <p class='ocr_par' dir='ltr' id='par_1_10' title="bbox 217 2776 2130 3427">
     <span class='ocr_line' id='line_1_21' title="bbox 362 2776 2130 2846; baseline -0.002 -16"><span class='ocrx_word' id='word_1_105' title='bbox 362 2776 447 2830; x_wconf 85' lang='lat' dir='ltr'>Ex</span> <span class='ocrx_word' id='word_1_106' title='bbox 483 2776 817 2846; x_wconf 85' lang='lat' dir='ltr'>negligentia</span> <span class='ocrx_word' id='word_1_107' title='bbox 856 2776 1165 2828; x_wconf 84' lang='lat' dir='ltr'>antistitum</span> <span class='ocrx_word' id='word_1_108' title='bbox 1192 2777 1330 2828; x_wconf 88' lang='lat' dir='ltr'>circa</span> <span class='ocrx_word' id='word_1_109' title='bbox 1359 2793 1490 2829; x_wconf 90' lang='lat' dir='ltr'>onus</span> <span class='ocrx_word' id='word_1_110' title='bbox 1518 2777 1835 2829; x_wconf 89' lang='lat' dir='ltr'>residentiae</span> <span class='ocrx_word' id='word_1_111' title='bbox 1860 2777 1904 2828; x_wconf 91' lang='lat' dir='ltr'>si</span> <span class='ocrx_word' id='word_1_112' title='bbox 1928 2776 2130 2843; x_wconf 87' lang='lat' dir='ltr'>ubique</span> 
     </span>
     <span class='ocr_line' id='line_1_22' title="bbox 217 2861 2129 2932; baseline -0.001 -17"><span class='ocrx_word' id='word_1_113' title='bbox 217 2862 360 2915; x_wconf 88' lang='lat' dir='ltr'>mala</span> <span class='ocrx_word' id='word_1_114' title='bbox 384 2862 692 2932; x_wconf 88' lang='lat' dir='ltr'>gravissima</span> <span class='ocrx_word' id='word_1_115' title='bbox 716 2862 1041 2924; x_wconf 82' lang='lat' dir='ltr'>obvenirent,</span> <span class='ocrx_word' id='word_1_116' title='bbox 1068 2861 1408 2929; x_wconf 89' lang='lat' dir='ltr'>potissimum</span> <span class='ocrx_word' id='word_1_117' title='bbox 1432 2862 1490 2913; x_wconf 91' lang='lat' dir='ltr'>id</span> <span class='ocrx_word' id='word_1_118' title='bbox 1517 2862 1661 2913; x_wconf 89' lang='lat' dir='ltr'>valet</span> <span class='ocrx_word' id='word_1_119' title='bbox 1693 2862 1865 2930; x_wconf 92' lang='lat' dir='ltr'>quoad</span> <span class='ocrx_word' id='word_1_120' title='bbox 1890 2862 2129 2931; x_wconf 86' lang='lat' dir='ltr'>regiones</span> 
     </span>
     <span class='ocr_line' id='line_1_23' title="bbox 219 2946 2129 3016; baseline -0.002 -15"><span class='ocrx_word' id='word_1_121' title='bbox 219 2949 278 3001; x_wconf 85' lang='lat' dir='ltr'>in</span> <span class='ocrx_word' id='word_1_122' title='bbox 291 2949 486 3016; x_wconf 87' lang='lat' dir='ltr'>quibus</span> <span class='ocrx_word' id='word_1_123' title='bbox 503 2947 572 2999; x_wconf 91' lang='lat' dir='ltr'>ob</span> <span class='ocrx_word' id='word_1_124' title='bbox 589 2947 963 2998; x_wconf 87' lang='lat' dir='ltr'>admistionem</span> <span class='ocrx_word' id='word_1_125' title='bbox 982 2946 1282 2997; x_wconf 90' lang='lat' dir='ltr'>infidelium</span> <span class='ocrx_word' id='word_1_126' title='bbox 1297 2947 1379 2998; x_wconf 86' lang='lat' dir='ltr'>vel</span> <span class='ocrx_word' id='word_1_127' title='bbox 1398 2946 1782 2998; x_wconf 89' lang='lat' dir='ltr'>haereticorum</span> <span class='ocrx_word' id='word_1_128' title='bbox 1802 2948 2129 3015; x_wconf 87' lang='lat' dir='ltr'>gravioribus</span> 
     </span>
     <span class='ocr_line' id='line_1_24' title="bbox 220 3031 2130 3102; baseline -0.001 -18"><span class='ocrx_word' id='word_1_129' title='bbox 220 3033 468 3102; x_wconf 89' lang='lat' dir='ltr'>periculis</span> <span class='ocrx_word' id='word_1_130' title='bbox 492 3032 674 3083; x_wconf 87' lang='lat' dir='ltr'>fideles</span> <span class='ocrx_word' id='word_1_131' title='bbox 698 3031 1053 3099; x_wconf 88' lang='lat' dir='ltr'>objiciuntur:</span> <span class='ocrx_word' id='word_1_132' title='bbox 1092 3031 1312 3099; x_wconf 86' lang='lat' dir='ltr'>proinde</span> <span class='ocrx_word' id='word_1_133' title='bbox 1337 3031 1614 3099; x_wconf 90' lang='lat' dir='ltr'>Episcopis</span> <span class='ocrx_word' id='word_1_134' title='bbox 1640 3037 1696 3083; x_wconf 90' lang='lat' dir='ltr'>et</span> <span class='ocrx_word' id='word_1_135' title='bbox 1715 3033 1938 3084; x_wconf 90' lang='lat' dir='ltr'>Vicariis</span> <span class='ocrx_word' id='word_1_136' title='bbox 1963 3033 2130 3099; x_wconf 92' lang='lat' dir='ltr'>Apos-</span> 
     </span>
     <span class='ocr_line' id='line_1_25' title="bbox 220 3114 2130 3186; baseline 0 -17"><span class='ocrx_word' id='word_1_137' title='bbox 220 3118 397 3170; x_wconf 87' lang='lat' dir='ltr'>tolicis</span> <span class='ocrx_word' id='word_1_138' title='bbox 420 3117 716 3186; x_wconf 92' lang='lat' dir='ltr'>regionum,</span> <span class='ocrx_word' id='word_1_139' title='bbox 740 3117 809 3167; x_wconf 89' lang='lat' dir='ltr'>ad</span> <span class='ocrx_word' id='word_1_140' title='bbox 833 3133 963 3183; x_wconf 90' lang='lat' dir='ltr'>quas</span> <span class='ocrx_word' id='word_1_141' title='bbox 988 3115 1042 3168; x_wconf 80' lang='lat' dir='ltr'>S.</span> <span class='ocrx_word' id='word_1_142' title='bbox 1070 3114 1505 3186; x_wconf 84' lang='lat' dir='ltr'>Congregationis</span> <span class='ocrx_word' id='word_1_143' title='bbox 1531 3118 1595 3168; x_wconf 90' lang='lat' dir='ltr'>de</span> <span class='ocrx_word' id='word_1_144' title='bbox 1621 3117 1969 3186; x_wconf 89' lang='lat' dir='ltr'>Propaganda</span> <span class='ocrx_word' id='word_1_145' title='bbox 1994 3118 2130 3169; x_wconf 90' lang='lat' dir='ltr'>Fide</span> 
     </span>
     <span class='ocr_line' id='line_1_26' title="bbox 222 3201 2130 3271; baseline -0.001 -16"><span class='ocrx_word' id='word_1_146' title='bbox 222 3203 526 3256; x_wconf 85' lang='lat' dir='ltr'>sollicitudo</span> <span class='ocrx_word' id='word_1_147' title='bbox 563 3201 884 3265; x_wconf 85' lang='lat' dir='ltr'>extenditur,</span> <span class='ocrx_word' id='word_1_148' title='bbox 916 3202 1183 3252; x_wconf 90' lang='lat' dir='ltr'>indictum</span> <span class='ocrx_word' id='word_1_149' title='bbox 1220 3202 1363 3253; x_wconf 89' lang='lat' dir='ltr'>haud</span> <span class='ocrx_word' id='word_1_150' title='bbox 1397 3202 1558 3253; x_wconf 88' lang='lat' dir='ltr'>semel</span> <span class='ocrx_word' id='word_1_151' title='bbox 1589 3203 1715 3265; x_wconf 88' lang='lat' dir='ltr'>fuit,</span> <span class='ocrx_word' id='word_1_152' title='bbox 1748 3220 1815 3253; x_wconf 92' lang='lat' dir='ltr'>ne</span> <span class='ocrx_word' id='word_1_153' title='bbox 1840 3207 1987 3254; x_wconf 91' lang='lat' dir='ltr'>extra</span> <span class='ocrx_word' id='word_1_154' title='bbox 2011 3220 2130 3271; x_wconf 91' lang='lat' dir='ltr'>pro-</span> 
     </span>
     <span class='ocr_line' id='line_1_27' title="bbox 221 3286 2129 3358; baseline 0.001 -19"><span class='ocrx_word' id='word_1_155' title='bbox 221 3290 395 3358; x_wconf 90' lang='lat' dir='ltr'>priam</span> <span class='ocrx_word' id='word_1_156' title='bbox 431 3288 732 3350; x_wconf 89' lang='lat' dir='ltr'>dioecesim,</span> <span class='ocrx_word' id='word_1_157' title='bbox 757 3286 842 3337; x_wconf 89' lang='lat' dir='ltr'>vel</span> <span class='ocrx_word' id='word_1_158' title='bbox 878 3286 1213 3350; x_wconf 85' lang='lat' dir='ltr'>vicariatum,</span> <span class='ocrx_word' id='word_1_159' title='bbox 1238 3286 1570 3355; x_wconf 88' lang='lat' dir='ltr'>pontificalia</span> <span class='ocrx_word' id='word_1_160' title='bbox 1594 3288 1760 3339; x_wconf 88' lang='lat' dir='ltr'>etiam</span> <span class='ocrx_word' id='word_1_161' title='bbox 1786 3288 1850 3339; x_wconf 94' lang='lat' dir='ltr'>de</span> <span class='ocrx_word' id='word_1_162' title='bbox 1876 3305 2129 3340; x_wconf 91' lang='lat' dir='ltr'>consensu</span> 
     </span>
     <span class='ocr_line' id='line_1_28' title="bbox 223 3373 936 3427; baseline -0.006 0"><span class='ocrx_word' id='word_1_163' title='bbox 223 3373 621 3427; x_wconf 81' lang='lat' dir='ltr'>ordinariorum</span> <span class='ocrx_word' id='word_1_164' title='bbox 645 3377 936 3424; x_wconf 86' lang='lat' dir='ltr'>exerceant.</span> 
     </span>
    </p>

    <p class='ocr_par' dir='ltr' id='par_1_11' title="bbox 223 3458 2130 3785">
     <span class='ocr_line' id='line_1_29' title="bbox 366 3458 2128 3527; baseline 0 -17"><span class='ocrx_word' id='word_1_165' title='bbox 366 3459 526 3510; x_wconf 90' lang='lat' dir='ltr'>Porro</span> <span class='ocrx_word' id='word_1_166' title='bbox 574 3475 699 3509; x_wconf 89' lang='lat' dir='ltr'>cum</span> <span class='ocrx_word' id='word_1_167' title='bbox 747 3458 982 3509; x_wconf 88' lang='lat' dir='ltr'>dubitari</span> <span class='ocrx_word' id='word_1_168' title='bbox 1019 3458 1162 3510; x_wconf 89' lang='lat' dir='ltr'>haud</span> <span class='ocrx_word' id='word_1_169' title='bbox 1204 3458 1380 3510; x_wconf 87' lang='lat' dir='ltr'>valeat</span> <span class='ocrx_word' id='word_1_170' title='bbox 1421 3460 1488 3511; x_wconf 93' lang='lat' dir='ltr'>de</span> <span class='ocrx_word' id='word_1_171' title='bbox 1530 3459 1709 3510; x_wconf 88' lang='lat' dir='ltr'>studio</span> <span class='ocrx_word' id='word_1_172' title='bbox 1746 3458 2128 3527; x_wconf 90' lang='lat' dir='ltr'>Episcoporum</span> 
     </span>
     <span class='ocr_line' id='line_1_30' title="bbox 224 3542 2129 3615; baseline -0.002 -18"><span class='ocrx_word' id='word_1_173' title='bbox 224 3544 450 3615; x_wconf 87' lang='lat' dir='ltr'>Angliae</span> <span class='ocrx_word' id='word_1_174' title='bbox 511 3544 570 3594; x_wconf 92' lang='lat' dir='ltr'>in</span> <span class='ocrx_word' id='word_1_175' title='bbox 622 3542 928 3612; x_wconf 89' lang='lat' dir='ltr'>hujusmodi</span> <span class='ocrx_word' id='word_1_176' title='bbox 976 3544 1293 3595; x_wconf 87' lang='lat' dir='ltr'>residentiae</span> <span class='ocrx_word' id='word_1_177' title='bbox 1353 3544 1471 3612; x_wconf 91' lang='lat' dir='ltr'>lege</span> <span class='ocrx_word' id='word_1_178' title='bbox 1532 3544 1799 3607; x_wconf 89' lang='lat' dir='ltr'>servanda,</span> <span class='ocrx_word' id='word_1_179' title='bbox 1860 3545 2129 3611; x_wconf 89' lang='lat' dir='ltr'>iidemque</span> 
     </span>
     <span class='ocr_line' id='line_1_31' title="bbox 223 3629 2129 3699; baseline -0.002 -17"><span class='ocrx_word' id='word_1_180' title='bbox 223 3629 610 3699; x_wconf 89' lang='lat' dir='ltr'>postulaverint</span> <span class='ocrx_word' id='word_1_181' title='bbox 654 3632 721 3680; x_wconf 90' lang='lat' dir='ltr'>ut</span> <span class='ocrx_word' id='word_1_182' title='bbox 767 3632 918 3681; x_wconf 92' lang='lat' dir='ltr'>tenor</span> <span class='ocrx_word' id='word_1_183' title='bbox 963 3629 1175 3698; x_wconf 89' lang='lat' dir='ltr'>regulae</span> <span class='ocrx_word' id='word_1_184' title='bbox 1222 3629 1527 3697; x_wconf 89' lang='lat' dir='ltr'>hujusmodi</span> <span class='ocrx_word' id='word_1_185' title='bbox 1576 3629 1634 3679; x_wconf 92' lang='lat' dir='ltr'>in</span> <span class='ocrx_word' id='word_1_186' title='bbox 1683 3646 1837 3679; x_wconf 89' lang='lat' dir='ltr'>suum</span> <span class='ocrx_word' id='word_1_187' title='bbox 1898 3630 2129 3680; x_wconf 88' lang='lat' dir='ltr'>favorem</span> 
     </span>
     <span class='ocr_line' id='line_1_32' title="bbox 225 3711 2130 3785; baseline -0.002 -16"><span class='ocrx_word' id='word_1_188' title='bbox 225 3715 501 3780; x_wconf 88' lang='lat' dir='ltr'>relaxetur,</span> <span class='ocrx_word' id='word_1_189' title='bbox 528 3713 581 3767; x_wconf 86' lang='lat' dir='ltr'>S.</span> <span class='ocrx_word' id='word_1_190' title='bbox 610 3711 960 3785; x_wconf 75' lang='lat' dir='ltr'>congregatio</span> <span class='ocrx_word' id='word_1_191' title='bbox 997 3715 1063 3766; x_wconf 92' lang='lat' dir='ltr'>de</span> <span class='ocrx_word' id='word_1_192' title='bbox 1099 3714 1448 3783; x_wconf 89' lang='lat' dir='ltr'>Propaganda</span> <span class='ocrx_word' id='word_1_193' title='bbox 1489 3714 1642 3777; x_wconf 90' lang='lat' dir='ltr'>Fide,</span> <span class='ocrx_word' id='word_1_194' title='bbox 1668 3713 1725 3764; x_wconf 90' lang='lat' dir='ltr'>in</span> <span class='ocrx_word' id='word_1_195' title='bbox 1750 3713 1980 3783; x_wconf 87' lang='lat' dir='ltr'>generali</span> <span class='ocrx_word' id='word_1_196' title='bbox 2006 3730 2130 3766; x_wconf 89' lang='lat' dir='ltr'>con-</span> 
     </span>
    </p>
   </div>
   <div class='ocr_carea' id='block_1_11' title="bbox 355 3868 1250 3924">
    <p class='ocr_par' dir='ltr' id='par_1_12' title="bbox 355 3868 1250 3924">
     <span class='ocr_line' id='line_1_33' title="bbox 355 3868 1250 3924; baseline -0.001 -14"><span class='ocrx_word' id='word_1_197' title='bbox 355 3870 412 3924; x_wconf 89' lang='lat'>(1)</span> <span class='ocrx_word' id='word_1_198' title='bbox 451 3870 547 3912; x_wconf 69' lang='lat' dir='ltr'>We</span> <span class='ocrx_word' id='word_1_199' title='bbox 571 3868 762 3923; x_wconf 81' lang='lat' dir='ltr'>Append.</span> <span class='ocrx_word' id='word_1_200' title='bbox 785 3868 858 3921; x_wconf 87' lang='lat' dir='ltr'>v.,</span> <span class='ocrx_word' id='word_1_201' title='bbox 882 3868 986 3909; x_wconf 74' lang='lat' dir='ltr'>Pars</span> <span class='ocrx_word' id='word_1_202' title='bbox 1007 3868 1094 3915; x_wconf 90' lang='lat'>111,</span> <span class='ocrx_word' id='word_1_203' title='bbox 1118 3881 1157 3923; x_wconf 78' lang='lat' dir='ltr'>p.</span> <span class='ocrx_word' id='word_1_204' title='bbox 1185 3871 1250 3911; x_wconf 84' lang='lat'>92.</span> 
     </span>
    </p>
   </div>
  </div>
 </body>
</html>
