2514 4504
431 433 515 494 40
1008 446 1164 490 οοΝο.
1209 445 1375 489 mov.
1418 444 1640 488 wser.
1686 444 1726 489 1.

415 592 795 643 nominationis
841 592 1078 659 capitulo
1133 593 1420 645 exhibebit.
1518 592 1722 642 Deinde
1770 591 2144 659 professionem
2188 587 2318 639 fidei

416 694 591 728 coram
627 676 863 744 capitulo
898 678 1141 744 proferet.
1243 676 1426 745 (Cone.
1468 675 1621 728 Trici.
1660 693 1779 727 sesa
1817 689 1997 740 XXIV„
2032 693 2079 727 c.
2119 676 2202 736 12,
2237 671 2319 723 Do

413 759 667 830 reform.)
716 761 991 812 Praeterea
1015 779 1154 825 vem,
1169 761 1550 813 observandum
1565 761 1707 828 quod
1726 761 2040 812 Tridentina
2066 758 2309 828 Synodus

417 847 514 898 sub
545 846 728 914 poenis
770 847 847 897 ibi
895 847 1076 898 relatis
1123 849 1382 914 imperat:
1441 846 1646 897 scilicet
1691 851 1758 896 ut
1806 849 1841 875 ‘⁶
1861 849 2105 897 teneatur
2146 863 2180 898 a
2222 834 2334 897 die*

416 932 642 998 adeptae
681 932 1016 998 possessionis
1056 933 1126 983 ad
1163 933 1340 982 minus
1381 933 1523 982 intra
1565 932 1696 982 duos
1731 946 1953 994 menses,
1977 931 2037 981 in
2071 932 2319 985 manibus

417 1016 585 1082 ipsius
608 1016 859 1083 episcopi,
883 1016 985 1078 vel,
1010 1033 1071 1067 eo
1094 1017 1371 1083 impedito,
1396 1032 1570 1066 coram
1595 1015 1824 1084 generali
1849 1015 1963 1082 ejus
1987 1015 2201 1080 vicario,
2226 1034 2320 1069 seu

418 1100 649 1164 officiali,
672 1101 987 1152 orthodoxae
1011 1117 1135 1152 suae
1159 1100 1286 1151 fidei
1309 1100 1582 1167 publicam
1608 1100 1776 1150 facere
1811 1099 2189 1166 professionem
2209 1118 2224 1162 ;
2261 1106 2320 1154 et

417 1185 479 1234 in
514 1185 781 1235 Romanae
814 1174 1080 1236 Ecclesiae
1113 1185 1415 1236 obedientia
1453 1201 1506 1235 se
1539 1200 1941 1251 permansurum
1977 1185 2235 1252 spondeat
2257 1201 2321 1238 ac

410 1269 606 1336 juret.’'
678 1269 869 1320 Postea
893 1270 1111 1320 emittet
1134 1270 1539 1320 declarationem
1565 1272 1902 1335 sequentem:

563 1357 598 1384 ‘⁶
616 1352 732 1422 Ego
773 1353 861 1417 N.
910 1354 1108 1404 electus
1157 1354 1437 1404 canonicus
1484 1351 1574 1419 huj
1582 1370 1642 1403 us
1691 1352 1939 1403 ecclesiae
1987 1351 2323 1420 cathedralis,

420 1437 625 1489 declaro
649 1455 735 1488 me
754 1455 878 1488 cum
902 1438 1082 1488 debito
1107 1438 1355 1505 obsequio
1379 1437 1614 1504 accipere
1640 1440 1844 1487 statuta
1879 1436 2039 1505 hujus
2075 1439 2322 1507 capituli,

420 1526 479 1573 et
512 1522 767 1589 promitto
802 1521 1160 1574 obedientiam
1196 1522 1263 1573 de
1296 1526 1492 1572 secreto
1529 1522 1793 1584 servandO,
1826 1522 1994 1573 etiam
2028 1524 2127 1575 sub
2149 1525 2318 1594 gravi,

420 1607 626 1675 quoties
650 1607 923 1673 episcopus
947 1607 1032 1657 vel
1055 1607 1352 1674 capitulum
1377 1606 1747 1674 praeceperit?

566 1696 616 1743 8.
667 1693 814 1743 Tunc
838 1694 1165 1760 praepositus
1190 1693 1440 1743 canonico
1473 1693 1639 1743 electo
1675 1691 1980 1760 adsignabit
2012 1691 2231 1744 stallum
2265 1695 2325 1746 et

420 1778 855 1830 convenientibus
878 1778 1088 1828 verbis
1071 1794 1250 1844 ipsum
1274 1778 1488 1828 nomine
1512 1777 1677 1828 totius
1702 1776 1928 1844 capituli
1959 1777 2287 1845 adloquetur.
2325 1771 2328 1774 ⁴

567 1866 617 1914 9.
669 1861 979 1930 Capitulum
1002 1880 1171 1930 neque
1195 1863 1399 1931 exigere
1423 1879 1594 1929 neque
1618 1863 1853 1929 accipere
1871 1879 1903 1912 a
1919 1878 2055 1912 novo
2070 1863 2324 1916 canonico

422 1947 627 2016 aliquid
649 1951 843 2015 potest,
866 1952 1079 2015 propter
1102 1948 1521 1998 nominationem
1540 1946 1623 1998 vel
1636 1946 2071 1998 installationem.
2120 1945 2325 2014 Optan-

422 2034 554 2084 dum
594 2037 675 2083 est
715 2036 781 2083 ut
819 2032 1157 2099 dispendium
1195 2031 1415 2094 vitetur,
1452 2035 1715 2098 quantum
1738 2031 1852 2081 fieri
1885 2035 2082 2098 potest,
2113 2032 2325 2098 quoties

422 2117 722 2185 capitulum
745 2118 1018 2167 convenire
1037 2116 1339 2185 contigerit,
1357 2121 1414 2167 et
1436 2117 1743 2184 praesertim
1757 2116 1816 2166 in
1834 2115 2144 2168 celebrando
2160 2131 2324 2169 novo-

422 2219 544 2255 rum
567 2201 939 2253 canonicorum
964 2203 1204 2270 ingressu
1228 2200 1319 2271 (¹).

799 2346 923 2399 III.
972 2345 1053 2398 De
1083 2344 1477 2398 Praecedentia
1515 2344 1945 2399 Oanom'corum.

571 2472 657 2522 10.
705 2469 1013 2537 Praeposito
1048 2470 1307 2537 competit
1342 2470 1578 2537 primum
1614 2470 1850 2534 stallum,
1872 2469 1958 2522 vel
1980 2468 2156 2538 prima
2177 2467 2325 2522 sedes

424 2557 548 2624 post
570 2556 893 2623 episcopum.

574 2641 657 2690 11.
705 2638 873 2689 Post
856 2654 1036 2704 ipsum
1060 2638 1263 2690 sedebit
1286 2639 1565 2690 canonicus
1590 2639 1760 2690 senior
1774 2639 1935 2707 juxta
1957 2642 2170 2706 tempus
2200 2652 2326 2690 suae

426 2724 797 2792 possessionis;
845 2721 1037 2773 deinde
1078 2724 1271 2773 caeteri
1317 2723 1559 2774 canonici
1606 2724 1892 2774 successive
1939 2722 2118 2776 locum
2151 2739 2324 2784 suum

427 2808 618 2860 habere
642 2807 852 2858 debent.

576 2894 660 2942 12.
709 2889 1031 2942 Functiones
1054 2891 1455 2943 caeremoniales
1479 2890 1796 2958 episcopales
1831 2907 1939 2943 non
1967 2891 2036 2942 ad
2067 2891 2327 2945 vicarium

430 2976 777 3044 capitularem
794 2975 1080 3042 pertinent,
1095 2976 1187 3026 sed
1200 2977 1269 3026 ad
1282 2977 1511 3043 primam
1525 2977 1849 3045 dignitatem
1864 2976 2107 3045 capituli.
2124 2975 2180 3028 S.
2189 2976 2256 3028 R.
2267 2974 2327 3028 O.

431 3061 570 3129 Aug.
598 3059 650 3123 7,
678 3057 833 3111 1627.

580 3146 662 3194 13.
711 3142 1086 3194 Praecedentia
1126 3143 1346 3195 debetur
1391 3143 1587 3195 vicario
1633 3143 1917 3212 capitulari
1955 3161 2110 3213 super
2149 3160 2331 3197 omnes

433 3228 499 3280 de
522 3227 774 3295 capitulo,
799 3231 1018 3293 excepta
1041 3227 1305 3295 dignitate
1329 3228 1413 3278 vel
1436 3229 1541 3278 alio
1566 3232 1989 3294 repraesentante
2012 3230 2329 3299 capitulum.

435 3311 490 3364 S.
515 3312 581 3364 R.
608 3311 665 3363 G.
691 3311 846 3363 Junii
873 3314 957 3374 12,
985 3312 1120 3362 1638
1144 3329 1158 3371 3
1194 3312 1391 3378 Aprilis
1417 3314 1469 3374 2,
1499 3310 1652 3364 1667.

582 3398 664 3447 14.
712 3395 921 3446 Vicario
958 3395 1239 3462 capitulari
1271 3395 1416 3446 locus
1453 3397 1726 3462 competit,
1762 3399 1878 3447 tam
1901 3396 1960 3447 in
1989 3397 2143 3450 choro
2167 3415 2330 3466 quam

434 3481 495 3531 in
535 3479 965 3547 processionibus,
1006 3496 1039 3529 a
1077 3480 1300 3530 sinistris
1342 3479 1661 3546 dignitatis;
1703 3480 1807 3543 vel,
1849 3481 2022 3547 prima
2064 3483 2331 3550 dignitate

434 3564 697 3616 deferente
754 3563 1144 3614 sanctissimum
1203 3560 1621 3625 Sacramentum,
1679 3577 1714 3613 a
1771 3563 1996 3615 sinistris
2055 3567 2217 3632 primi
2269 3571 2327 3619 et

581 3712 638 3765 (1)
677 3711 773 3758 Qua
807 3710 860 3753 de
892 3724 940 3752 re
972 3723 1074 3764 prae
1108 3709 1241 3751 oeulis
1274 3709 1467 3752 habenda
1509 3723 1618 3763 quae
1661 3710 1831 3764 egregie
1873 3711 2007 3755 tradit
2050 3713 2328 3768 Menum,

439 3778 662 3820 Formular.
686 3779 816 3828 ὡραῖα,
828 3778 946 3830 ..part
967 3788 1048 3826 111„
1066 3774 1135 3817 tit.
1158 3778 1195 3826 3,
1217 3775 1341 3817 form.
1361 3775 1444 3816 IX.
