2514 4504
639 490 882 532 APPEND.
931 490 990 531 11.
1079 490 1366 532 SYLLABUs
1414 492 1706 534 Ennomus.
2002 480 2123 536 265>

223 639 549 706 probaverit:
588 644 643 687 at
676 636 1009 704 philosophia
1045 653 1217 704 neque
1255 644 1448 706 potest,
1486 656 1655 707 neque
1693 640 1846 691 debet
1887 642 1985 691 ulli
2026 661 2134 693 sese

224 722 532 773 submittere
557 722 883 772 auctoritati.

480 818 617 871 Epist.
634 818 688 859 ad
707 818 905 870 Archiep,
929 818 1114 871 Frising.
1142 821 1409 859 Gravissimas
1432 823 1475 860 11
1501 821 1759 870 Decembris,
1784 824 1900 862 1862.

480 886 618 939 Epist.
639 885 694 926 ad
712 885 904 927 eumdem
927 887 1032 926 Tuas
1050 886 1213 927 libenter
1234 890 1281 927 21
1304 887 1562 938 Decembris,
1588 891 1704 929 1863.

366 988 468 1039 ΧΙ.
507 987 745 1039 Ecclesia
769 1005 875 1039 non
901 987 1072 1039 solum
1098 1005 1203 1039 non
1230 989 1387 1040 debet
1407 991 1464 1040 in
1490 989 1880 1058 philosophiam
1901 1007 2135 1058 unquam

224 1074 657 1137 animadvertere,
695 1091 876 1125 verum
915 1074 1081 1125 etiam
1118 1074 1275 1125 debet
1312 1076 1478 1143 ipsius
1515 1075 1875 1143 philosophiae
1919 1076 2137 1127 tolerare

226 1174 431 1220 erroreS‚
458 1157 610 1224 eique
635 1156 927 1224 relinquere
952 1162 1016 1207 ut
1040 1157 1155 1224 ipsa
1181 1175 1234 1208 se
1260 1160 1505 1226 corrigat.

481 1255 620 1309 Epist.
641 1256 696 1296 ad
712 1256 910 1310 Archiep.
933 1255 1120 1308 Frising.
1148 1257 1414 1296 Gravissimas
1435 1258 1481 1297 11
1505 1257 1764 1306 Decembris,
1789 1258 1904 1297 1862.

366 1358 500 1408 XII.
537 1357 872 1425 Apostolicae
929 1356 1078 1407 Sedis
1135 1357 1598 1424 Romanarumque
1655 1355 2136 1426 Congregationum

225 1443 434 1495 decreta
457 1443 683 1494 liberum
710 1442 963 1493 scientiae
987 1459 1317 1510 progressum
1345 1443 1663 1509 impediunt.

481 1541 620 1593 Epist.
642 1540 696 1580 ad
713 1539 912 1592 Archiep.
934 1538 1121 1590 Frising.
1150 1540 1254 1579 Tuas
1273 1540 1437 1579 libenter
1457 1542 1504 1578 21
1529 1539 1787 1590 Decembris,
1816 1542 1932 1581 1863.

369 1644 532 1695 XIII.
570 1643 857 1695 Methodus
883 1648 938 1694 et
962 1643 1242 1710 principia,
1268 1642 1458 1709 quibus
1484 1643 1694 1709 antiqui
1720 1642 1968 1694 Doctores
1994 1644 2138 1693 scho-

226 1731 398 1781 lastici
441 1729 783 1798 Theologiam
826 1729 1184 1791 excoluerunt,
1230 1732 1530 1796 temporum
1572 1734 1869 1779 nostrorum
1916 1729 2139 1779 necessi-

226 1816 428 1867 tatibus
453 1815 895 1883 scientiarumque
920 1815 1213 1883 progressui
1241 1814 1463 1864 minime
1490 1819 1805 1883 congruunt.

481 1908 618 1962 Epist.
640 1908 695 1948 ad
711 1908 909 1961 Archiep.
932 1907 1118 1960 Frising.
1146 1909 1249 1947 Tuas
1269 1908 1431 1947 libenter
1452 1910 1499 1947 21
1522 1908 1781 1958 Decembris,
1808 1910 1923 1949 1863.

367 2009 521 2060 XIV.
559 2009 903 2077 Philosophia
941 2008 1217 2059 tractanda
1257 2012 1354 2072 est,
1385 2008 1532 2059 nulla
1568 2009 1973 2076 supernaturalis
1997 2026 2140 2060 reve-

225 2094 441 2147 lationis
465 2095 650 2146 habita
674 2096 894 2146 ratione.

482 2192 622 2246 Epist.
642 2192 697 2233 ad
714 2192 914 2245 Archiep.
938 2191 1125 2244 Frising.
1153 2193 1258 2233 Tuas
1278 2191 1442 2231 libenter
1462 2194 1508 2231 21
1533 2192 1791 2241 Decembris,
1815 2195 1931 2233 1863.

368 2301 486 2354 ΝΒ.
563 2301 698 2354 Cum
746 2301 1097 2353 rationalismi
1159 2305 1445 2369 systemate
1507 2300 1789 2351 cohaerent
1849 2303 2138 2353 maximam

225 2394 432 2457 partem
475 2405 665 2439 errores
707 2388 929 2438 Antonii
974 2386 1233 2449 Giinther,
1267 2387 1360 2455 qui
1405 2387 1723 2437 damnantur
1765 2389 1820 2437 in
1862 2388 2032 2454 Epist.
2073 2390 2140 2439 acl

229 2473 379 2527 Card.
404 2473 646 2540 Archiep.
675 2470 1040 2524 Coloniensem
1065 2468 1360 2523 E'aei‘miam
1391 2476 1569 2533 tuam,
1605 2473 1667 2522 15
1705 2470 1738 2522 J
1742 2473 1857 2522 unii
1898 2475 2051 2535 1857,
2086 2483 2140 2524 et

227 2561 285 2611 in
327 2559 500 2627 Epist.
531 2558 599 2609 ad
629 2556 807 2625 Episc.
833 2556 1317 2608 Wratislaviensem
1349 2554 1547 2607 Dolore
1576 2553 1733 2607 haud
1761 2554 2045 2620 mediocri,
2072 2561 2140 2608 30

230 2643 426 2712 Aprilis
455 2644 610 2695 1860.

1105 2776 1130 2838 ἓ
1155 2769 1265 2827 III.

611 2893 1147 2972 Incl‘lfferaemtismm9
1184 2901 1756 2956 Latitudv'sna‘rdsmus.

375 3034 493 3085 XV.
532 3033 783 3084 Liberum
808 3034 1000 3100 cuique
1024 3032 1230 3083 homini
1256 3036 1336 3083 est
1362 3050 1478 3083 eam
1519 3033 1774 3100 amplecti
1808 3049 1868 3083 ac
1909 3034 2141 3100 profiteri

231 3123 555 3192 religionem,
579 3138 737 3189 quam
765 3122 984 3171 rationis
1008 3120 1212 3171 lumine
1238 3122 1358 3188 quis
1384 3122 1576 3172 ductus
1602 3139 1778 3174 veram
1805 3125 2089 3189 putaverit.

491 3218 598 3259 Litt.
620 3218 769 3270 Apost.
792 3219 1039 3267 Multiplices
1059 3220 1165 3257 inter
1188 3221 1234 3257 10
1254 3218 1283 3257 J
1285 3218 1390 3267 unii,
1419 3220 1535 3258 1851.

489 3284 625 3325 Alloc.
648 3286 832 3324 Maxima
851 3286 1005 3335 quidem
1025 3286 1048 3323 9
1069 3285 1097 3324 J
1100 3284 1205 3334 unii,
1234 3286 1349 3325 1862.

374 3388 524 3440 XVI.
563 3388 820 3438 Homines
855 3388 913 3438 in
958 3388 1188 3456 cujusvis
1233 3388 1501 3455 religionis
1538 3388 1689 3438 cultu
1727 3388 1868 3437 viam
1906 3394 2143 3439 aeternae

233 3474 419 3526 salutis
443 3474 665 3542 reperire
690 3478 1066 3541 aeternamque
1092 3474 1320 3524 salutem
1346 3474 1549 3540 assequi
1576 3479 1811 3540 possunt.

489 3570 628 3623 Epist.
650 3569 812 3622 encycl.
839 3570 915 3616 Qui
928 3571 1116 3620 pluribus
1136 3574 1159 3611 9
1180 3570 1447 3619 Novembris,
1473 3573 1589 3610 1846.

490 3636 626 3677 Alloc.
658 3636 732 3676 Ubi
745 3636 924 3686 primum
947 3638 995 3679 17
1016 3636 1274 3687 Decembris,
1303 3638 1420 3679 1847.

490 3698 628 3753 Epist.
650 3699 811 3752 encycl.
839 3699 1046 3751 Sinqulari
1067 3702 1228 3751 quadem
1252 3702 1299 3742 17
1323 3699 1485 3748 Martii,
1513 3702 1628 3740 1856.
