2514 4504
441 390 565 450 216
1007 405 1166 450 coNc.
1217 405 1383 448 PRov.
1429 405 1645 448 wsss'rM.
1693 405 1769 448 1v.

434 559 730 628 attigerunt
754 563 1002 622 aetat-em,
1018 563 1074 610 et
1097 557 1404 626 praesertim
1428 557 1522 624 qui
1546 556 1924 625 philosophicis
1949 560 2006 608 et
2023 556 2336 628 theologicis

433 645 727 712 disciplinis
752 663 963 712 operam
988 649 1204 708 navant,
1228 661 1261 694 a
1285 644 1544 695 consortio
1567 645 1711 695 vitae
1750 644 2044 695 communis
2081 643 2337 696 laicorum

436 733 844 799 scfiiingerentur.

579 818 825 883 Episcopi
863 817 920 866 in
946 816 1141 884 Anglia
1176 816 1317 866 hisce
1343 814 1611 866 Ecclesiae
1635 815 1773 866 votis
1814 819 1872 867 et
1912 815 2340 884 praescriptioni-

437 904 529 953 bus
570 903 797 968 perfecte
837 902 1240 963 consentientes,
1266 901 1325 949 in
1363 900 1522 950 tertio
1561 897 1796 951 Concilio
1821 899 2143 952 Provinciali
2165 901 2341 953 West-

435 987 858 1038 monasteriensi1
890 986 1216 1055 praeclarum
1239 985 1524 1036 Decretum
1547 982 1627 1035 De
1653 982 1994 1037 Sammo-iis
2021 982 2340 1038 Gondmddo

437 1074 733 1126 ediderunt.

579 1160 628 1211 6.
678 1157 1006 1225 Quapropter
1051 1157 1180 1207 haec
1229 1155 1427 1217 Quarta
1477 1154 1735 1223 SynoduS,
1769 1155 2072 1224 exemplum
2120 1155 2341 1209 Domini

435 1245 600 1296 nostri
622 1259 748 1311 prae
771 1243 936 1294 oculis
960 1243 1173 1305 habens,
1198 1258 1403 1293 necnon
1427 1240 1697 1292 Ecclesiae
1727 1242 1936 1309 praxim
1958 1246 2016 1294 et
2037 1246 2342 1311 temporum

436 1329 788 1390 necessitateS,
813 1328 941 1378 haec
965 1327 1198 1378 decernit
1222 1344 1284 1377 ac
1310 1326 1540 1378 statuit=

547 1428 614 1478 10.
663 1426 913 1495 Episcopi
960 1428 1019 1477 in
1067 1427 1174 1476 suis
1223 1425 1565 1489 dioecesibus,
1602 1429 1700 1477 aut
1739 1443 1833 1494 per
1873 1427 2070 1496 seipsos
2109 1431 2208 1480 aut
2248 1444 2343 1496 per

438 1514 813 1565 examinatores
862 1512 929 1562 ad
978 1512 1076 1576 hoc
1119 1511 1436 1580 designatos,
1476 1528 1690 1563 omnem
1732 1511 2021 1564 adhibeant
2063 1529 2243 1565 curam
2285 1516 2343 1565 et

440 1598 776 1667 prudentiam
824 1598 881 1648 in
930 1597 1227 1648 candidatis
1275 1597 1344 1647 ad
1393 1598 1743 1649 sacerdotium
1792 1598 2090 1668 seligendis.
2181 1598 2342 1650 Porro

442 1683 686 1751 Episcopi
712 1683 997 1752 diligenter
1020 1681 1346 1744 adlaborent,
1370 1681 1605 1750 aliosque
1629 1685 1883 1747 excitent,
1907 1687 1970 1735 ut
2002 1683 2342 1752 provisiones,

445 1770 620 1821 bursae
645 1760 999 1835 nuncupatae,
1023 1767 1091 1817 ad
1131 1766 1602 1819 ecclesiasticorum
1644 1768 2013 1821 educationem
2055 1769 2344 1821 fundentur

442 1861 493 1907 et
534 1855 974 1922 multiplicentur.
1050 1851 1183 1903 Suas
1224 1853 1388 1903 etiam
1430 1857 1605 1920 partes
1646 1854 1978 1922 adimpleant
2020 1855 2343 1916 sacerdotes3

443 1942 677 2008 ideoque,
702 1941 761 1990 in
785 1955 878 1990 sua
902 1939 1123 2006 quisque
1147 1937 1414 2001 missione,
1439 1938 1606 1990 bonae
1630 1939 1823 1992 indolis
1846 1957 2034 2008 pueros
2058 1940 2345 2010 diligenter

444 2027 741 2093 exquirant,
767 2041 955 2092 eosque
980 2023 1173 2074 litteris
1197 2022 1431 2074 imbutos
1456 2023 1694 2075 doctrina
1718 2028 1773 2077 et
1809 2025 2041 2077 moribus
2077 2025 2157 2077 ita
2189 2024 2345 2077 insti-
2447 2031 2452 2034 '
2508 1991 2514 2022 ἶ

444 2114 613 2172 tuant,
638 2127 742 2177 quo
765 2110 936 2178 magis
963 2108 1138 2159 idonei
1164 2106 1298 2158 fiant
1330 2108 1424 2176 qui
1461 2108 1529 2159 ab
1554 2108 2000 2161 examinatoribus
2025 2110 2344 2162 dioecesanis

444 2195 715 2263 approbat-i
740 2194 807 2244 ad
845 2195 1022 2245 studia
1062 2193 1417 2245 ecclesiastica
1454 2194 1831 2246 admittantur.
1906 2193 2205 2247 Concilium
2227 2195 2346 2247 Tri-

444 2280 752 2332 dentinum2
792 2283 827 2310 ‘⁶
847 2297 1139 2347 paupermn
1181 2283 1364 2331 autem
1406 2278 1542 2331 filios
1581 2280 1863 2348 praecipue
1900 2280 2030 2350 eligi
2077 2280 2211 2345 vult,
2245 2297 2345 2333 nec

444 2371 621 2417 tamen
646 2365 901 2415 ditiorum
927 2364 1182 2427 excludit,
1205 2364 1362 2415 modo
1387 2381 1482 2416 suo
1506 2369 1726 2433 sumptu
1757 2365 1986 2430 alantur,
2010 2369 2066 2418 et
2102 2365 2344 2419 studium

444 2468 562 2520 prae
587 2468 640 2502 se
665 2450 837 2501 ferant
862 2450 973 2500 Deo
1012 2454 1068 2500 et
1106 2449 1372 2501 Ecclesiae
1411 2450 1777 2501 inserviendi.''
1849 2450 2158 2519 Paupertas,
2181 2467 2344 2520 quam

444 2537 553 2604 ipse
578 2535 615 2587 J
616 2551 732 2585 esus
757 2535 999 2596 sacravit,
1023 2534 1226 2585 nemini
1249 2533 1634 2602 impedimento
1659 2551 1769 2586 esse
1793 2534 1966 2599 debet,
1990 2536 2084 2605 qui
2112 2536 2344 2589 moribus

443 2625 496 2672 et
518 2622 732 2690 ingenio
756 2623 1005 2687 praestet.

585 2705 656 2756 2⁰.
706 2704 975 2772 Episcopi,
1000 2703 1060 2753 in
1085 2720 1178 2754 sua
1202 2705 1426 2772 quisque
1462 2704 1703 2768 dioecesi,
1726 2704 1865 2756 nihil
1898 2704 2228 2759 intentatum
2263 2723 2345 2759 re-

445 2791 704 2858 linquant,
728 2793 792 2840 ut
817 2790 1050 2858 erigatur
1076 2787 1430 2842 Seminarium
1455 2790 1842 2853 dioecesanum,
1865 2790 1924 2840 in
1957 2807 2062 2858 quo
2100 2790 2276 2842 clerici
2310 2808 2357 2843 a·

445 2877 693 2927 laicorum
732 2875 991 2925 consortio
1035 2875 1262 2942 separati
1309 2874 1686 2941 philosophicis
1729 2879 1785 2926 et
1827 2874 2141 2944 theologicis
2186 2876 2344 2927 disci-

445 2960 602 3028 plinis
625 2958 951 3010 imbuantur.
1013 2957 1121 3008 Ubi
1147 2962 1329 3008 autem
1354 2959 1562 3026 aliquae
1581 2959 1840 3011 dioeceses
1858 2964 2013 3011 tanta
2031 2965 2344 3028 paupertate

445 3045 680 3095 laborant
717 3047 783 3093 ut
821 3042 1059 3110 singulae
1103 3043 1312 3111 singula
1352 3042 1646 3095 Seminaria
1683 3045 1878 3113 erigere
1915 3061 2022 3096 non
2059 3046 2278 3113 possint,
2310 3061 2345 3098 a

444 3130 750 3181 Tridentino
774 3130 1043 3196 provisum
1066 3132 1146 3179 est
1181 3132 1246 3179 ut
1283 3128 1518 3196 plurium
1556 3130 1875 3182 dioecesium
1915 3131 2166 3200 Episcopi
2201 3148 2345 3183 com-

445 3215 594 3266 muni
619 3213 837 3265 consilio
862 3230 1144 3264 commune
1168 3212 1523 3265 Seminarium
1547 3214 1896 3267 constituant.

587 3300 637 3351 7.
685 3298 851 3349 Valde
899 3298 1195 3366 optandum
1243 3302 1324 3349 est
1370 3302 1453 3362 ut,
1500 3299 1948 3367 quemadmodum
1998 3298 2234 3352 christus
2283 3299 2345 3352 in

447 3385 619 3438 medio
642 3384 1011 3453 Apostolorum
1036 3383 1453 3449 conversabatur,
1476 3385 1557 3437 ita
1595 3388 1653 3437 et
1691 3383 1974 3437 Seminarii
2011 3389 2196 3449 rector,
2218 3402 2343 3438 cum
2396 3430 2400 3433 ,

1261 3536 1275 3562 ¹
1294 3535 1419 3576 Decr.
1441 3535 1534 3576 xiii.

869 3602 888 3631 ²
908 3604 1017 3643 Cone.
1041 3603 1159 3644 Tria.
1183 3601 1290 3643 Sese.
1307 3602 1429 3643 xxiii.
1451 3603 1518 3643 De
1535 3602 1721 3656 Reform.
1742 3615 1834 3656 cap.
1859 3605 1923 3645 18.
