2514 4504
912 536 996 584 111.
1043 540 1293 584 APPEND.
1346 539 1407 581 11.
2013 508 2091 579 87

342 698 392 746 3.
433 694 701 747 Concessit
744 692 961 742 tandem
996 688 1221 738 Vicariis
1258 686 1575 754 Apostolicis
1606 684 1935 745 facultatem,
1962 690 2020 732 ut
2055 684 2110 733 in

195 799 250 834 re
292 782 356 832 de
400 796 504 847 qua
542 780 738 846 agitur,
778 777 1074 843 dispensare
1120 773 1324 840 possint,
1366 789 1489 823 cum
1535 769 1888 821 sacerdotibus
1932 784 2110 818 eorum

197 865 463 936 spirituali
499 862 864 931 jurisdictioni
905 860 1171 928 subjecti&
1195 875 1300 909 non
1345 857 1639 928 generatim
1681 855 1769 905 sed
1814 854 1870 903 in
1908 853 2111 903 casibus

197 949 563 1020 peculiaribus,

305 1035 507 1085 Datum
536 1033 751 1095 Romae,
778 1048 841 1082 ex
868 1030 1102 1081 Aedibus
1127 1029 1300 1079 dictae
1327 1027 1513 1078 Sacrae
1553 1022 2003 1094 CongregationiS,
2027 1022 2113 1073 die

199 1125 253 1172 et
278 1137 417 1171 anno
442 1119 633 1186 quibus
659 1134 831 1185 supra.

344 1205 522 1257 Gratis
548 1205 660 1256 sine
685 1202 794 1254 ulla
820 1201 1037 1252 omnino
1063 1199 1324 1251 solutione
1349 1213 1663 1265 quocunque
1689 1196 1866 1247 titulo.

396 1282 468 1432 ᾧ
702 1287 736 1339 J
740 1298 974 1350 OANNES,
999 1285 1138 1337 arch.
1166 1285 1655 1347 Thessalonicensi5‚
1681 1279 2038 1336 Secretarius.

451 1559 741 1612 TABULA
807 1542 1205 1611 FESTORUM
1271 1554 1868 1617 SUPPIOESSORUM,

193 1693 259 1735 IN
280 1691 505 1739 QUIBUS
525 1690 741 1741 OMNES,
766 1690 876 1736 QUI
902 1689 1112 1732 CURAM
1136 1688 1384 1730 HABENT
1408 1687 1756 1737 ANIMARUM,
1780 1686 1848 1727 IN
1874 1684 2119 1735 ANGLIA,

230 1767 560 1809 TENENTUR
577 1766 806 1807 MISSAM
826 1764 1176 1807 CELEBRARE
1195 1763 1273 1804 ΕΤ
1291 1762 1625 1804 APPLIOARE
1646 1761 1759 1802 PRO
1779 1760 2081 1803 POPULO.(1)

634 1882 855 1934 Festum
881 1877 1372 1933 Annunciationis
1398 1880 1462 1931 B.
1488 1878 1567 1931 M.
1594 1879 1660 1931 V.

633 1968 736 2019 Fer
761 1968 838 2019 II.
865 1972 922 2020 et
947 1967 1053 2018 III.
1082 1967 1218 2018 Heb.
1244 1966 1430 2017 Pasch.

634 2078 734 2129 Fer
761 2077 835 2130 ΙΙ.
865 2082 922 2128 et
946 2077 1054 2128 III.
1082 2077 1218 2128 Heb.
1245 2076 1459 2128 Pentec.

238 2168 308 2216 24
326 2163 452 2216 Feb.
527 2163 671 2215 Fesb.
699 2161 757 2217 S.
782 2160 1051 2215 Matthiae
1075 2162 1269 2231 Apost.

242 2253 306 2301 12
328 2250 490 2302 Mart.
591 2286 626 2314 ‚,
700 2247 758 2301 S.
788 2246 1041 2315 Greyorii
1066 2247 1217 2315 May.
1243 2245 1486 2315 Anyliae
1510 2246 1622 2317 Ap.

238 2338 308 2386 20
398 2372 433 2399 ,,
587 2347 651 2399 ,,·
695 2332 753 2387 S.
782 2331 1063 2386 cuthberti
1087 2334 1180 2403 (In
1207 2333 1481 2385 Comitatu
1499 2329 1870 2386 Danelmensi
1889 2336 2100 2384 tantum
2115 2342 2130 2392 )

238 2424 309 2472 23
334 2421 458 2488 Apr.
590 2456 624 2484 „
698 2418 755 2472 S.
784 2417 1007 2486 Georyii
1031 2418 1200 2486 A‘nyl.
1226 2418 1377 2471 Prot.

276 2508 302 2557 1
332 2505 470 2556 Maii
592 2542 627 2569 ‚,
662 2539 666 2542 <
700 2494 801 2558 SS.
827 2502 1095 2574 Philippi
1119 2509 1167 2555 et
1192 2502 1387 2557 Jacobi
1412 2503 1564 2574 App.

274 2594 307 2642 3
381 2627 416 2655 ‚‚
592 2628 626 2655 ‚‚
698 2590 913 2643 Pavent.
942 2589 999 2643 S.
1029 2588 1243 2643 Crucis.

238 2677 307 2729 26
380 2713 414 2739 ,‚
589 2712 624 2740 ,‚
697 2674 754 2729 S.
781 2673 1101 2743 Auyustini
1123 2672 1294 2743 Anyl.
1320 2673 1513 2744 Apost.

241 2764 306 2813 25
334 2761 365 2812 J
370 2761 471 2812 ulii
594 2798 628 2825 „
703 2759 760 2814 S.
785 2758 982 2813 Jacobi
1006 2759 1201 2829 Apost.

239 2844 308 2895 26
383 2880 416 2906 ,,
594 2880 629 2907 ,,
703 2841 760 2895 S.
786 2842 1005 2906 Annae,
1033 2840 1238 2894 Matris
1262 2841 1328 2894 B.
1354 2841 1433 2894 M.
1471 2840 1531 2895 V.

244 2932 309 2981 10
334 2930 471 2999 Aug.
595 2966 630 3003 ,7
703 2927 761 2981 S.
787 2926 1089 2981 Laurentii
1113 2927 1181 2979 M
1178 2933 1283 2980 art.

241 3017 310 3065 24
385 3052 415 3078 ‚,
597 3051 632 3079 ,‚
706 3012 764 3066 S.
788 3011 1200 3066 Bar-tholomaei
1223 3012 1416 3082 Apost-

135 3155 141 3161 ,
240 3101 305 3149 21
327 3097 482 3167 Sept.
596 3136 630 3163 ,‚
704 3097 761 3151 S.
787 3095 1058 3150 Matthaei
1080 3097 1272 3167 Apost.

242 3187 309 3235 28
338 3184 457 3237 Oct.
594 3221 629 3248 ‚,
703 3182 803 3237 SS.
829 3183 980 3253 App.
1007 3181 1262 3235 Simonis
1300 3187 1347 3235 et
1371 3182 1576 3237 Judae.

243 3270 310 3321 30
337 3269 472 3322 Nov.
596 3306 630 3334 ‚‚
705 3267 762 3321 S.
788 3267 1046 3320 Andreae
1070 3268 1263 3338 Apost.

242 3356 307 3404 21
337 3354 460 3405 Dec.
597 3391 631 3418 ‚‚
705 3352 762 3406 S.
793 3351 1026 3406 Thomae
1050 3353 1243 3422 Apost.

244 3439 312 3490 26
339 3438 464 3490 Dec.
594 3474 630 3503 „
702 3435 759 3490 S.
787 3435 1061 3506 Stephani
1077 3441 1410 3506 protomart.

245 3523 312 3575 28
387 3560 423 3587 „
596 3559 632 3587 ‚,
705 3520 805 3574 SS.
831 3520 1234 3573 Innocentium
1258 3521 1338 3574 M.

246 3610 314 3658 29
389 3645 422 3671 ‚‚
598 3644 631 3671 ‚,
705 3604 762 3658 S.
793 3604 1025 3658 Thomae
1052 3604 1210 3658 Cant.
1236 3605 1390 3658 Prot.
1420 3603 1565 3658 Cleri
1591 3604 1741 3660 Saea.
1768 3604 2027 3675 Anyliae.

248 3686 322 3743 31ι
389 3730 423 3761 ,,
599 3730 632 3755 ,,
708 3690 764 3744 S.
792 3689 1047 3744 Silvestri
1071 3690 1265 3760 Papae
1291 3695 1336 3742 et
1365 3689 1523 3759 conf.

358 3841 414 3895 (¹)
436 3842 524 3883 Soli
553 3841 752 3895 Episcopi
781 3846 980 3883 tenentur
1012 3842 1058 3883 in
1089 3843 1247 3895 Anglia
1276 3843 1451 3884 Missam
1480 3857 1555 3896 pro
1582 3844 1735 3897 populo
1765 3844 1984 3894 celebrare,
2010 3845 2119 3888 vide

214 3908 476 3963 Rescriptum
496 3908 589 3961 Seq.
