2514 4504
490 379 610 432 144
1052 389 1212 433 οοΝο.
1262 389 1428 433 PRov.
1477 389 1698 433 WEer.
1745 389 1807 431 11.

480 542 641 599 runt3
679 536 946 589 Sanctitas
983 535 1109 600 Sua,
1133 537 1388 588 referente
1412 553 1496 588 me
1522 536 1815 604 subscripto
1856 552 2117 588 sacrorum
2154 536 2383 590 Rituum

483 622 914 692 Congregationis
962 623 1349 690 prosecretari0‚
1399 622 1629 690 benigne
1683 638 1919 674 annuens
1969 622 2131 690 juxta
2190 639 2383 690 preces,

479 716 793 759 memoratas
829 707 1144 775 antiphonas
1187 724 1312 758 cum
1352 708 1459 759 suis
1502 707 1772 759 versiculis
1814 711 1871 758 et
1911 709 2262 775 responsoriis,
2298 710 2385 761 uti

481 799 730 866 superiori
755 800 813 849 in
838 798 1123 866 exemplari
1159 799 1498 862 adnotantur,
1523 798 1853 866 approbavit,
1879 798 2119 868 cleroque
2141 802 2385 854 universo

478 884 532 935 N
534 879 950 935 orthantoniensi
992 885 1262 948 concessit,
1305 884 1708 952 quibuscunque
1743 885 1803 934 in
1827 886 2148 937 contrarium
2171 885 2385 956 dispon-

481 970 692 1021 entibus
715 969 941 1022 minime
966 969 1318 1033 obstantibus,
1341 969 1429 1021 die
1453 970 1522 1022 26
1548 969 1586 1021 J
1586 969 1809 1034 anuarii,
1839 971 1994 1022 1852.

1230 1077 1295 1127 A.
1323 1075 1493 1128 CARD.
1519 1076 1970 1142 mmmmm,
1996 1076 2054 1132 S.
2074 1078 2144 1131 R.
2166 1077 2224 1133 G'.
2241 1079 2312 1133 P.

1230 1162 1384 1215 Dom.
1417 1161 1605 1228 GIGLI,
1636 1160 1693 1216 S.
1713 1162 1784 1217 R.
1807 1161 1865 1217 Ο.
1886 1162 2132 1218 Prosecr.

621 1242 863 1318 101⁴&

1153 1397 1558 1453 DECRETUM
1614 1398 1715 1476 xl.

623 1509 775 1562 Idem
800 1508 894 1563 SS.
920 1509 987 1561 D.
1002 1508 1069 1563 N.
1091 1526 1183 1579 per
1206 1510 1478 1563 decretum
1502 1511 1609 1564 diei
1639 1513 1705 1563 13
1723 1511 1932 1577 Martii,
1959 1513 2098 1565 1853
2118 1511 2384 1583 (Append.

480 1597 634 1651 Conc.
657 1599 722 1662 I.,
739 1616 793 1667 p.
821 1598 851 1651 7
856 1596 916 1668 0)
932 1599 1173 1667 permisit
1195 1599 1564 1652 recitationem
1587 1599 1646 1650 in
1678 1599 1943 1669 suffragiis
1966 1600 2035 1652 ad
2057 1601 2309 1670 Vesperas
2330 1605 2387 1653 et

479 1685 686 1735 Laudes
710 1685 1033 1752 antiphonae
1057 1702 1180 1735 cum
1195 1684 1463 1736 versiculis
1488 1685 1548 1736 in
1561 1685 1811 1738 honorem
1831 1684 1885 1737 S.
1904 1685 2142 1755 Georgii,
2159 1687 2386 1757 Angliae

480 1770 813 1833 ProtectoriS,
838 1771 907 1822 ad
941 1771 1166 1824 formam
1201 1770 1467 1840 Rescripti
1492 1770 1547 1824 S.
1573 1770 1640 1823 R.
1668 1770 1725 1824 G.
1751 1787 1846 1840 pro
1869 1772 2097 1824 dioecesi
2119 1771 2386 1824 Northan-

479 1855 723 1907 toniensi.

1143 1966 1547 2021 DECRETUM
1600 1969 1733 2022 XII.

623 2076 776 2129 Idem
802 2075 896 2130 SS.
914 2075 984 2129 D.
1004 2075 1074 2128 N.
1090 2077 1319 2129 elevavit
1336 2077 1559 2131 Festum
1579 2077 1632 2130 S.
1653 2078 1896 2143 Patrioii,
1914 2078 2202 2132 Hiberniae
2219 2079 2385 2148 Apos-

481 2165 597 2227 toli,
634 2164 702 2215 ad
743 2163 910 2214 ritum
952 2162 1182 2232 duplicis
1214 2163 1443 2231 majoris,
1479 2181 1573 2232 per
1604 2166 1875 2217 decretum
1917 2166 2025 2217 diei
2076 2167 2143 2217 13
2178 2166 2384 2230 Martii,

487 2251 641 2313 1853,
665 2249 806 2316 quod
829 2248 1053 2301 habetur
1074 2249 1134 2301 in
1156 2249 1464 2319 Appendice
1487 2250 1649 2318 primi
1674 2248 1831 2302 Conc.
1856 2267 1911 2319 p.
1937 2250 2024 2304 71.

1125 2428 1528 2483 DECRETUM
1588 2429 1751 2483 XIII.

486 2543 767 2599 Concessio
795 2542 972 2613 Officii
996 2548 1045 2597 et
1070 2542 1277 2597 Missae
1299 2542 1369 2596 in
1392 2542 1678 2597 Honorem
1693 2541 1751 2598 S.
1767 2542 2079 2614 Bonifacii,
2093 2542 2380 2613 Martyris.

1280 2653 1589 2708 Decretum.

626 2771 710 2822 Ad
742 2768 949 2821 cultum
980 2768 1041 2818 in
1077 2765 1378 2820 Christiano
1409 2766 1530 2817 orbe
1566 2765 1868 2835 augendum
1900 2766 2166 2834 latiusque
2196 2783 2383 2836 propar

483 2856 721 2925 gandum
739 2870 860 2921 erga
877 2852 1134 2904 Sanctum
1150 2851 1503 2915 Bonifacium,
1512 2851 1838 2920 Episcopum
1854 2856 1910 2903 et
1918 2852 2226 2921 Martyrem,
2234 2853 2315 2921 cuj
2320 2869 2383 2904 us

483 2940 822 3010 praeconium
846 2938 1071 2990 occurrit
1092 2938 1151 2988 in
1174 2936 1554 3006 Martyrologio
1578 2937 1816 2988 Romano
1834 2937 2002 2988 Nonis
2026 2937 2063 2989 J
2066 2938 2195 3002 unii,
2209 2937 2382 3006 plures

485 3024 923 3077 Reverendissimi
951 3021 1267 3083 CardinaleS,
1293 3025 1349 3072 et
1380 3021 1715 3088 Amplissimi
1748 3021 2071 3073 diversarum
2102 3024 2381 3075 nationum

486 3110 738 3178 Episcopi
757 3126 785 3158 e
798 3095 1084 3158 Germania
1107 3106 1413 3172 praesertim
1430 3109 1487 3156 et
1509 3106 1721 3174 Anglia,
1740 3107 2160 3174 auspicatissima
2177 3111 2380 3175 arrepta

486 3195 753 3247 occasione
796 3193 877 3243 sui
916 3193 975 3242 in
1018 3190 1217 3242 Urbem
1256 3191 1511 3241 adventus
1545 3207 1668 3241 cum
1701 3191 1895 3260 dogma
1931 3192 1998 3242 de
2029 3192 2381 3244 Immaculata

487 3282 681 3332 Beatae
698 3279 897 3329 Mariae
913 3276 1149 3344 Virginis
1166 3274 1520 3343 Conceptione
1535 3292 1566 3326 a
1581 3275 1924 3328 Sanctissimo
1942 3276 2170 3328 Domino
2187 3277 2380 3344 Nostro

487 3368 586 3418 Pio
610 3365 758 3432 Papa
783 3362 882 3412 IX.
909 3361 1015 3411 fuit
1039 3360 1340 3410 solemniter
1376 3360 1778 3427 proclamatum,
1801 3361 2120 3412 humillimis
2143 3361 2379 3429 precibus

486 3451 658 3501 eidem
696 3446 1037 3498 Sanctissimo
1074 3444 1223 3495 Patri
1257 3444 1620 3511 supplicarunt
1656 3450 1719 3496 ut
1756 3445 2022 3510 Officium,
2056 3447 2377 3514 Missamque

487 3533 746 3604 praedicti
772 3530 954 3582 Sancti
978 3528 1241 3579 Bonifacii
1265 3531 1350 3579 tot
1374 3530 1670 3596 caeteroqui
1707 3530 2013 3581 nominibus
2046 3531 2287 3599 insigniS,
2322 3533 2376 3581 et

487 3622 553 3672 de
589 3617 847 3669 catholica
878 3614 1147 3683 religione,
1176 3613 1344 3680 deque
1376 3613 1473 3663 hac
1513 3612 1708 3664 Sancta
1744 3613 1878 3667 Sede
1909 3614 2210 3683 Apostolica
2248 3615 2376 3666 adeo

487 3702 758 3763 promeriti
793 3699 861 3753 ad
896 3698 1241 3751 universalem
1278 3697 1569 3750 Ecclesiam
1608 3697 1892 3752 Pontificia
1934 3716 2028 3754 sua
2063 3699 2375 3755 auctoritate
