2514 4504
410 416 539 479 v1ii.
1043 417 1398 466 coNsPEcrus
1447 412 1671 458 RERUM.

2137 566 2304 596 PAGnu

572 655 669 705 VI.
707 653 785 704 De
811 649 1092 702 Judicibus
1136 682 1150 696 .
1299 679 1312 692 .
1462 678 1475 691 .
1622 675 1635 689 .
1785 673 1797 686 .
1947 673 1959 686 .
2108 673 2123 687 .
2202 636 2306 685 100

547 747 672 797 VII.
710 745 790 796 De
813 759 919 794 non
943 737 1258 792 discedendo
1392 773 1403 784 .
1552 770 1564 782 .
1714 768 1725 780 .
1877 767 1888 779 .
2110 765 2123 777 .
2202 729 2306 778 100

510 837 671 889 VIII.
708 836 787 887 De
813 833 975 885 Bonis
1003 827 1367 882 ecclesiasticis
1460 863 1472 875 .
1622 861 1634 873 .
1785 860 1796 872 .
1948 859 1959 870 .
2109 858 2123 872 .
2202 821 2306 869 100

574 931 673 980 ΙΧ.
711 928 790 979 De
817 926 1062 977 Versione
1089 921 1460 974 canonicarum
1486 916 1893 984 Scripturarum.
2115 951 2127 964 .
2207 913 2308 964 105

603 1021 672 1071 X.
710 1019 788 1070 De
812 1016 1066 1069 Absentia
1091 1013 1417 1066 sacerdotum
1462 1049 1475 1061 .
1623 1049 1635 1061 .
1787 1045 1799 1057 .
1853 1073 1858 1077 .
1950 1044 1962 1056 .
2111 1043 2125 1057 .
2204 1005 2306 1056 105

407 1153 710 1204 ELENCHUS
733 1149 1116 1200 DECRETORUM
1230 1180 1243 1193 .
1391 1180 1403 1192 .
1554 1178 1566 1190 .
1716 1177 1728 1189 .
1879 1176 1891 1188 .
2113 1174 2126 1187 .
2204 1134 2308 1187 106

409 1279 865 1330 SUBsoRffzrloan
899 1273 1155 1323 PATRUM.
1302 1307 1315 1321 .
1463 1305 1476 1319 .
1624 1305 1637 1318 .
1787 1303 1800 1317 .
1949 1302 1963 1316 .
2111 1301 2125 1315 .
2205 1262 2307 1315 106

408 1449 782 1502 APPENDIX
798 1465 811 1497 z

632 1569 677 1619 Ι.
716 1566 947 1619 SS.D.N.
990 1565 1077 1616 Pii
1117 1564 1224 1615 ΡΡ.
1266 1562 1366 1613 ΙΧ.
1404 1561 1643 1612 Litterae
1684 1558 2021 1628 Apostolicae
2064 1558 2131 1610 de

796 1651 1096 1719 dogmatica
1169 1648 1479 1699 definitione
1570 1647 1792 1697 Immac.
1877 1644 2129 1713 Concept-

772 1736 1029 1803 'Virginis
1053 1735 1309 1802 Deiparae
1468 1770 1482 1784 .
1630 1770 1644 1783 .
1792 1769 1806 1782 .
1954 1768 1967 1782 .
2116 1769 2130 1782 .
2208 1732 2310 1780 108

601 1832 678 1882 ΙΙ.
715 1831 949 1882 Litterae
974 1829 1304 1898 Apostolicae
1330 1828 1395 1879 de
1423 1827 1674 1879 Centuria
1700 1826 1938 1894 Leyland
1952 1863 1966 1877 .
2115 1862 2129 1876 .
2208 1827 2311 1875 123

570 1926 675 1976 ΙΙΙ.
714 1924 1051 1985 Quaestiones
1093 1939 1186 1989 pro
1227 1920 1482 1972 relatione
1526 1919 1893 1987 episcoporum
1917 1919 1986 1970 ad
2011 1917 2128 1970 S.C.

797 2010 861 2060 de
887 2008 1233 2076 Propaganda
1258 2007 1395 2057 Fide
1463 2043 1478 2057 .
1629 2043 1642 2056 .
1791 2032 1834 2055 .>
1952 2041 1967 2056 .
2011 2034 2023 2051 ι
2115 2040 2129 2055 .
2207 2003 2312 2055 124

579 2103 674 2153 IV.
712 2102 992 2153 Indultum
1064 2101 1288 2151 duorum
1378 2098 1641 2150 mensium
1714 2098 1771 2148 in
1846 2097 2129 2149 collatione

796 2187 1205 2237 canonicatuum
1393 2221 1407 2234 .
1554 2221 1569 2235 .
1717 2221 1731 2234 .
1879 2221 1892 2234 .
2113 2221 2127 2234 .
2206 2180 2308 2234 127

611 2281 676 2332 V.
713 2280 991 2331 Indultum
1063 2294 1167 2345 quo
1239 2277 1451 2328 valeant
1523 2277 1756 2344 episcopi
1829 2277 2131 2345 dispensare

796 2364 1069 2414 canonicos
1105 2362 1172 2412 ab
1208 2361 1529 2430 obligatione
1566 2362 1803 2413 mensilis
1840 2366 2130 2414 conventus

796 2448 1103 2516 capitularis
1142 2484 1155 2497 .
1304 2482 1318 2496 .
1628 2485 1642 2498 .
1789 2486 1803 2500 .
1953 2487 1966 2500 .
2115 2486 2129 2501 .
2207 2450 2308 2499 128

577 2543 672 2595 VI.
710 2543 947 2594 Litterae
1036 2541 1371 2609 Apostolicae
1444 2486 1511 2594 de
1584 2543 1741 2594 sacris
1812 2543 2133 2595 utensilibus

799 2628 1163 2696 episcoporum
1237 2665 1251 2678 .
1399 2665 1412 2678 .
1560 2664 1573 2677 .
1723 2665 1736 2678 .
1885 2666 1898 2679 .
2119 2667 2131 2679 .
2210 2631 2312 2680 129

550 2722 676 2773 VII.
715 2721 1001 2772 Instructio
1042 2720 1095 2772 S.
1135 2719 1310 2772 Officii
1353 2721 1417 2771 de
1459 2721 1805 2772 Matrimonio
1845 2722 1938 2773 ubi
1982 2722 2133 2773 adest

796 2807 1154 2874 praesumptio
1190 2806 1447 2873 baptismi
1489 2806 1724 2857 invalide
1767 2808 1909 2874 parti
1952 2807 2130 2859 haere·
2200 2847 2202 2849 »

797 2891 934 2942 ticae
960 2892 1140 2943 collati
1304 2930 1318 2944 .
1465 2930 1480 2944 .
1790 2929 1804 2944 .
2116 2931 2129 2944 .
2208 2895 2310 2944 133

512 2980 670 3031 VIII.
709 2979 994 3031 Instructio
1021 2978 1074 3032 S.
1102 2980 1276 3033 Officii
1302 2998 1454 3049 super
1497 2930 1758 3049 qualitate
1797 2983 2126 3049 probationis

795 3067 1135 3132 requirendae
1206 3071 1491 3134 antequam
1558 3068 1782 3136 nuptiae
1871 3069 2134 3120 secundae

796 3149 1041 3200 ineantur
1076 3170 1089 3200 ·.
1237 3189 1251 3202 .
1397 3188 1411 3203 .
1560 3190 1573 3203 .
1721 3190 1734 3203 .
1883 3191 1897 3204 .
2117 3191 2131 3205 .
2209 3155 2314 3204 134

578 3241 677 3291 ΙΧ.
714 3241 993 3292 Decretum
1019 3243 1085 3293 de
1111 3243 1574 3313 Indulgentiarum
1599 3246 1951 3298 translatione
2027 3235 2031 3238 ²
2118 3283 2131 3297 .
2212 3247 2314 3298 136

436 3329 673 3382 X-XIV.
711 3332 980 3400 Rescripta
1004 3335 1071 3385 ad
1096 3334 1421 3387 Breviarium
1446 3342 1501 3389 et
1526 3337 1743 3388 Missale
1769 3339 2065 3406 spectantia
2117 3376 2131 3390 .
2210 3340 2312 3388 138

559 3423 677 3474 XV.
715 3424 1045 3492 Rescriptum
1071 3427 1136 3477 de
1160 3427 1250 3493 pio
1275 3429 1522 3479 exercitio
1549 3429 1682 3480 Viae
1709 3430 1889 3482 Crucis
1957 3469 1971 3482 .
2121 3470 2135 3483 .
2213 3432 2314 3483 146

538 3510 689 3561 XVI.
727 3510 997 3564 Concessio
1046 3514 1203 3565 officii
1257 3515 1310 3567 S.
1360 3517 1591 3570 Thomae
1644 3517 1982 3573 Cantuarien.
2038 3522 2137 3573 sub

803 3597 910 3647 ritu
935 3598 1082 3666 dupl.
1121 3599 1166 3649 Ι.
1194 3600 1259 3650 cl.
1307 3637 1319 3651 .
1470 3639 1481 3651 .
1633 3642 1644 3654 .
1795 3643 1807 3656 .
1956 3644 1967 3657 .
2119 3644 2132 3657 .
2211 3605 2311 3660 147
