2514 4504
285 608 501 650 Cmomox
520 621 556 648 r.
581 608 839 662 Capitulum.

528 694 788 732 noxomu,
820 697 855 724 v.
875 684 1133 737 Capitulum.

1140 466 1344 510 INDEX.

284 756 607 798 Omomcomm
647 770 904 810 ms'rmcrio,
951 773 987 800 v.
1029 760 1153 813 Capi·

391 831 545 872 tulum.

285 904 537 947 Csnomcus
561 905 978 959 Pommnnrumcs,
993 910 1031 959 8,
1045 911 1110 957 43,
1126 911 1191 950 54.

568 980 848 1022 Tnnomeus.
910 1012 919 1022 .

283 1053 457 1095 Cmrus

979 985 1017 1032 8,
1039 986 1105 1033 43,
1130 987 1194 1025 54.

508 1053 881 1103 Eccmsmsncus.
936 1059 1028 1097 239.
1088 1057 1195 1098 Can-

390 1131 461 1169 tus
499 1128 788 1182 Gregorianus
824 1130 873 1171 in
901 1131 1063 1185 Anglia
1095 1132 1198 1173 olim

391 1202 580 1255 florebat,
597 1206 690 1244 240.
737 1204 898 1246 Cantus
910 1206 1199 1259 Gregorianus

391 1278 669 1320 missionariis
704 1280 902 1333 Anglicis
948 1281 1051 1322 olim
1088 1295 1197 1323 com-

391 1354 627 1406 mendatus,
679 1357 768 1396 240.
853 1356 908 1397 In
962 1356 1199 1399 seminariis

392 1432 433 1470 et
472 1429 664 1483 collegiis
701 1430 911 1482 tradatur,
956 1434 1048 1483 241,
1101 1434 1193 1472 242.

389 1504 671 1557 Restituatur,
695 1508 787 1546 241.
847 1506 971 1547 Solus
996 1506 1196 1548 adhibea-

389 1581 476 1630 tur,
511 1582 604 1620 242.
680 1579 836 1621 Modus
874 1580 1197 1622 Ratisboncnsis

390 1653 628 1708 adoptetur,
645 1656 736 1695 242.
789 1655 1017 1697 Foeminae
1031 1670 1055 1697 a
1071 1657 1197 1697 choro

392 1728 688 1780 excludantur,
730 1731 821 1769 242.
895 1729 1056 1771 Cantus
1098 1731 1194 1772 har·

390 1804 582 1845 monicus
601 1817 674 1845 seu
694 1804 903 1857 figuratus
922 1818 1009 1845 non
1034 1805 1193 1859 impro-

388 1880 528 1931 batur,
567 1881 660 1921 242.
719 1879 1036 1922 Caeremom‘ale
1071 1881 1195 1934 Epis·

390 1968 588 2008 coporum
617 1955 863 1996 observetur
891 1955 1001 1997 circa
1020 1969 1193 2009 organa,

392 2033 483 2071 243.
559 2030 719 2072 Cantus
751 2031 1022 2073 harmonicus
1059 2033 1197 2085 qualis

391 2106 514 2147 debet
529 2119 631 2156 esse,
645 2108 737 2148 243.
797 2106 963 2148 Musica
974 2107 1197 2148 concordet

389 2194 487 2222 cum
496 2183 686 2235 tempore
698 2185 740 2223 et
752 2182 875 2232 festo,
886 2185 978 2223 243.
1011 2183 1196 2224 Musices

335 2303 340 2309 ,
387 2270 524 2309 genus
541 2270 628 2298 non
647 2256 912 2298 describatur
938 2257 984 2297 in
1013 2258 1195 2310 publicis

388 2331 726 2385 ephemeridibus
777 2335 819 2374 et
875 2333 1046 2384 libellis,
1100 2337 1191 2374 243.

388 2407 644 2449 Canentium
669 2421 738 2448 ars
767 2409 809 2449 et
843 2408 1079 2461 elegantiae
1108 2422 1194 2449 non

387 2483 680 2525 describantur
697 2497 774 2537 per
791 2484 983 2537 publicos
1010 2485 1190 2537 libellos,

386 2562 478 2600 243.
534 2559 671 2600 Breve
689 2559 995 2612 Apostolicum,
1028 2563 1120 2601 308.

467 2647 493 2674 Β
521 2646 666 2675 umus
695 2634 976 2675 Rmsnom
1001 2668 1009 2676 .
1073 2668 1080 2675 .
1116 2640 1192 2677 310

468 2722 741 2750 οηαοωᾼκι
769 2722 891 2749 mem
928 2740 938 2749 .
1002 2742 1009 2750 .
1073 2743 1081 2750 .
1116 2713 1192 2751 310

469 2797 651 2835 nimus,
672 2798 710 2825 v.
732 2784 1031 2826 Seminarium.

470 2874 507 2902 v.
525 2859 791 2909 Benedictio,
816 2860 963 2901 Missa.

279 2936 462 2979 CAP1LL1
490 2949 579 2977 NON
609 2949 855 2976 sonuerim
928 2968 937 2976 .
1000 2968 1008 2976 .
1073 2969 1080 2977 .
1116 2940 1192 2978 233

280 3012 492 3054 Currum
512 3013 773 3054 Omcmns
777 3042 1081 3052 .....

1141 3015 1191 3052 42

279 3087 541 3131 Cum-mm
578 3086 873 3127 CATHEDRALE
904 3087 940 3135 7,
971 3085 1190 3126 Constitu-

386 3164 518 3212 entes,
550 3164 589 3202 8.

658 3159 957 3213 Exceptiones,
993 3160 1045 3200 ib.
1105 3160 1188 3200 Ec-

385 3236 513 3277 clesia
566 3235 951 3286 vice-cathedralis,
1009 3235 1061 3284 ib,
1122 3235 1188 3284 57,

577 3311 751 3352 Titulus

388 3314 479 3353 213.
823 3309 1075 3363 Praepositi,

1151 3312 1188 3349 8.

387 3387 591 3428 Canonici
642 3386 886 3438 Theologus
940 3387 983 3426 et
1034 3383 1188 3424 Poeni-

385 3461 626 3512 tentiarius,
664 3462 716 3501 ib.
755 3463 821 3510 43,
855 3462 921 3500 54.
988 3458 1191 3500 Canonici

384 3535 592 3588 quomodo
617 3533 883 3587 designandi,
908 3536 947 3573 8.
1004 3532 1186 3584 Exemp-

386 3611 448 3653 tio
486 3624 512 3651 a
548 3610 778 3655 residentia
815 3611 858 3650 et
895 3607 1025 3650 sacris
1043 3606 1191 3648 officiis

2096 449 2182 510 iii.

1389 613 1434 652 in
1462 612 1708 662 cathedrali,
1734 613 1785 663 ib,
1810 614 1873 653 53.
1934 612 2189 665 capitularis

1387 691 1631 736 conventus,
1669 689 1707 736 8,
1749 689 1920 736 44-47,
1963 689 2050 735 128,
2093 689 2184 727 212.

1389 761 1589 801 Canonici
1609 761 1837 810 honorarii,
1862 764 1900 802 9.
1960 761 2187 802 Canonico·

1389 847 1483 875 rum
1511 834 1629 875 nulla
1662 834 1893 884 distinctio,
1934 836 1984 875 ib.
2061 835 2185 888 Capi·

1389 909 1543 949 tuluria
1596 913 1757 950 statuta
1816 910 2087 958 observanda,
2140 911 2187 948 ier

1390 983 1543 1024 Modus
1564 984 1882 1025 commendandi
1902 984 1955 1025 ad
1974 984 2187 1037 episcopa·

1389 1061 1496 1108 tum,
1534 1062 1572 1106 9,
1604 1061 1696 1099 386.
1775 1059 1944 1099 Mortuo
1981 1059 2187 1111 episcope,

1390 1132 1494 1184 quid
1553 1133 1808 1184 faciendum,
1866 1138 1925 1183 10,
1976 1136 2040 1184 45,
2097 1138 2188 1174 213.

1392 1206 1556 1247 Vicarii
1604 1208 1850 1259 capitularis
1904 1208 2063 1252 electio.
2127 1212 2186 1248 10.

1392 1280 1632 1321 Conventui
1701 1282 1754 1322 ad
1818 1282 2192 1323 commendandum

1392 1355 1518 1405 facto,
1543 1356 1910 1408 Archiepiscopus,
1937 1357 2001 1396 vel
2030 1356 2189 1409 episco-

2060 1434 2193 1473 Actus

1392 1507 1637 1558 capitularis
1666 1508 1899 1548 mittendus
1931 1507 1984 1548 ad
2012 1508 2189 1548 Arc-hic·

1391 1444 1469 1482 pus
1502 1431 1641 1471 senior
1672 1432 1893 1484 praesidet,
1936 1432 1985 1471 sb.

1390 1581 1608 1634 piscopum
1629 1583 1695 1621 vel
1724 1583 2050 1635 Suffmgaueum
2077 1583 2190 1623 unti-

1390 1656 1594 1708 quiorem,
1630 1656 1679 1695 ib.
1754 1657 1965 1696 Canonico
2005 1657 2193 1708 legitime

1390 1730 1607 1784 impedito,
1629 1731 1837 1783 quomodo
1857 1732 1955 1773 licet
1975 1745 2100 1784 agere
2119 1720 2194 1785 per

1390 1809 1713 1858 procuratorem.
1746 1806 1798 1846 ib.
1858 1806 2057 1847 Fae-ultas
2076 1819 2191 1846 com·

1390 1880 1617 1933 mcndandi
1633 1884 1695 1920 est
1710 1880 1919 1921 concessio
1934 1892 2020 1920 non
2033 1881 2120 1933 jus,
2139 1881 2189 1919 ib.

1392 1955 1594 1996 Canonici
1654 1956 1700 1995 in
1764 1959 1956 1996 senatum
2008 1955 2192 2008 episcopi

1387 2032 1524 2080 acciti,
1563 2035 1626 2073 39.
1682 2032 1813 2084 Saepe
1851 2032 1997 2084 legant
2035 2034 2193 2072 statuta

1388 2108 1579 2161 capituli,
1634 2109 1683 2146 ib.
1731 2108 1877 2147 Sciant
1932 2119 2028 2146 suas
2082 2105 2190 2146 obli·

1388 2183 1581 2235 gationes
1615 2186 1657 2223 et
1683 2183 1699 2235 j
1707 2195 1796 2231 ura,
1841 2182 1891 2219 ib.
1979 2180 2190 2220 Praeben-

1388 2258 1462 2302 das
1480 2258 1680 2307 forment,
1707 2258 1757 2302 ib,
1782 2259 1873 2296 212.
1938 2256 2095 2295 Eorum
2115 2254 2190 2295 ad-

1387 2333 1544 2381 missio,
1579 2334 1630 2372 ib.
1702 2332 1885 2372 Litteras
1918 2330 2194 2383 promotionis

1386 2411 1669 2460 praesentent,
1686 2408 1736 2446 ih.
1775 2405 2083 2446 professionem
2097 2404 2192 2444 fidei

1386 2483 1618 2535 proferant,
1666 2486 1732 2522 40.
1805 2482 1975 2521 Statuta
2014 2479 2190 2531 capituli

1386 2558 1611 2610 accipiant,
1649 2558 1700 2596 ib.
1760 2556 1977 2596 Secretum
2006 2558 2189 2603 servent,

1388 2635 1438 2674 ib.
1498 2633 1539 2673 N
1543 2633 1628 2673 ihil>
1653 2632 1892 2684 largiantur
1910 2632 2083 2682 propter
2110 2642 2186 2670 no·

1383 2708 1660 2748 minationem
1682 2707 1748 2747 vel
1766 2705 2115 2754 installationem,
2135 2704 2186 2743 ib.

1386 2784 1545 2823 Eorum
1586 2781 1894 2834 praecedentia,
1937 2781 1987 2820 ib.
2061 2778 2186 2818 Divi·

1383 2872 1487 2899 num
1506 2858 1688 2899 officium
1709 2859 1750 2896 et
1771 2855 1994 2896 servitium
2008 2853 2190 2903 choreae,

1386 2938 1451 2984 41,
1476 2935 1540 2973 53.
1595 2931 1809 2972 Ecclesiae
1829 2929 2083 2970 cathedralis
2110 2928 2185 2969 ad-

1384 3008 1642 3049 ministratio
1673 3019 1801 3059 penes
1834 3006 2089 3058 episcopum,
2119 3006 2185 3044 42.

1385 3086 1647 3124 Oeconomus
1666 3081 1762 3121 sede
1783 3084 1972 3126 vacante,
1991 3080 2040 3118 ib.
2079 3078 2188 3131 Dig-

1863 3153 2100 3193 Concursus
2140 3153 2185 3193 in

1822 3227 2091 3275 Secretmffus,
2134 3228 2186 3267 ib.

1895 3301 2091 3349 §aci-ista,
2136 3301 2186 3341 ab.

1984 3376 2188 3415 Det-essue

1382 3157 1495 3197 nitas
1538 3156 1675 3204 unica,
1719 3157 1784 3194 42.

1383 3231 1646 3281 canonicatu,
1681 3234 1745 3271 43.

1383 3304 1702 3353 Thesaumrius,
1755 3304 1806 3343 ib.

1384 3378 1759 3427 Caeremoniarius,
1827 3378 1876 3416 ib.

1383 3454 1692 3495 canonicorum.
1726 3454 1792 3493 47.
1868 3450 2186 3489 Resolutionum

1383 3526 1680 3580 capitularium
1728 3522 1942 3575 exemplar
1987 3535 2072 3561 non
2110 3535 2185 3561 ne·

1385 3602 1571 3655 gendum
1636 3599 1843 3652 episcopo,
1918 3598 1969 3636 ib.
2070 3597 2188 3637 Libri
