2514 4504
331 443 371 507 8
905 459 1066 504 coire.
1112 457 1279 503 PRov.
1327 456 1548 502 wEer.
1594 454 1633 518 1.

470 613 518 662 1.
568 610 875 679 Capitulum
899 607 1163 660 constabit
1186 622 1250 657 ex
1274 605 1456 656 decem
1493 602 1779 664 canoniciS,
1802 605 1859 653 et
1895 616 2003 654 una
2025 600 2220 671 Digni-

325 700 454 747 tate.
574 680 577 684 ’

466 789 518 839 2.
569 788 634 837 In
683 786 905 837 dioecesi
954 788 1133 834 tamen
1182 780 1556 848 Plymuthensi
1615 779 1816 847 poterit
1869 780 2107 830 constare
2129 848 2131 850 q
2154 792 2220 828 ex

325 872 517 922 minori
541 888 775 933 numero,
801 873 1010 920 attenta
1034 868 1363 919 sacerdotum
1387 865 1585 932 inopia.

467 966 517 1013 3.
567 963 634 1013 In
658 961 883 1013 dioecesi
908 958 1270 1027 Newportensi
1296 962 1351 1008 et
1375 955 1703 1018 Menevensi‚
1721 954 2021 1023 capitulum
2040 953 2221 1006 cathe-

325 1048 466 1098 drale
489 1048 631 1098 idem
655 1047 755 1097 erit
779 1062 840 1096 ac
865 1044 1161 1112 capitulum
1186 1040 1540 1094 monasticum
1564 1040 1633 1091 ab
1656 1040 1831 1109 Anglo
1856 1039 2222 1091 Benedictinis

324 1133 383 1182 in
405 1149 466 1183 ea
491 1131 716 1182 dioecesi
739 1130 1065 1200 erigendum.

464 1226 515 1275 4.
565 1222 740 1284 Quum
782 1225 987 1289 praeter
1025 1219 1282 1280 dioeceses
1327 1218 1701 1281 Suthwarcen.,
1743 1213 2222 1286 Birminghamen.‚

325 1308 708 1360 Salforfordien.
744 1313 800 1360 et
834 1306 886 1357 N
888 1307 1273 1376 ottinghamen.
1312 1303 1493 1355 nullae
1527 1303 1663 1353 aliae
1699 1302 1927 1370 Angliae
1962 1302 2222 1354 dioeceses

323 1394 552 1445 ecclesiis
583 1393 850 1461 gaudeant
892 1408 1028 1459 quae
1060 1389 1381 1441 cathedrales
1406 1388 1515 1439 dici
1558 1390 1875 1450 mereantur,
1899 1387 1958 1437 in
1981 1386 2223 1454 qualibet

321 1479 427 1530 alia
451 1479 670 1529 dioecesi
707 1478 979 1545 episcopus
1003 1474 1304 1543 designabit
1325 1473 1599 1525 ecelesiam
1622 1473 1739 1524 vice
1763 1471 2077 1524 cathedralis
2100 1489 2223 1541 pro-

322 1564 511 1614 visoria
547 1563 750 1613 ratione
789 1560 1233 1622 constituendam,
1277 1558 1444 1610 donec
1491 1558 1742 1609 idoneum
1761 1584 1767 1587 -
1785 1557 2067 1626 templum,
2109 1558 2222 1612 Deo

322 1649 548 1710 favente,
586 1647 939 1715 provideatur,
980 1663 1042 1697 ac
1084 1643 1399 1696 cathedralis
1442 1642 1662 1695 ecclesia
1705 1643 2027 1714 designetur,
2062 1660 2126 1696 ac
2160 1645 2222 1697 in

286 1737 633 1801 “perpetuum
663 1731 1035 1798 constituatur.

463 1826 511 1876 5.
563 1824 812 1893 Dignitas
836 1824 895 1874 in
918 1822 1144 1894 singulis
1168 1821 1420 1891 capitulis
1460 1818 1783 1892 Praepositi
1823 1819 1990 1873 titulo
2026 1820 2221 1875 distin-

319 1913 527 1980 guetur.

463 2003 510 2055 6.
561 1969 889 2071 Designandi
923 2000 1090 2054 etiam
1123 2004 1250 2053 sunt
1286 2000 1347 2052 in
1369 2015 1687 2068 unoquoque
1711 1998 1951 2068 capitulo
1973 1998 2220 2053 canonici

318 2088 591 2157 theologus
628 2091 685 2138 et
721 2086 1190 2155 poenitentiarius.
1217 2087 1333 2154 qui
1368 2089 1490 2154 post
1524 2085 1755 2152 primam
1778 2085 2220 2150 nominationem,

319 2174 560 2240 episcopo
598 2188 913 2235 concessam,
954 2172 1024 2223 ad
1066 2172 1308 2223 tramites
1349 2185 1611 2222 sacrorum
1647 2184 1910 2220 canonum
1933 2169 2217 2240 eligantur.

320 2258 614 2327 Canonicus
655 2257 1097 2325 poenitentiarius
1133 2256 1308 2324 quoad
1349 2256 1466 2308 fieri
1512 2258 1691 2324 potest
1737 2271 1899 2323 penes
1941 2257 2220 2309 ecclesiam

318 2344 667 2396 cathedralem
692 2346 940 2395 moretur.
1001 2342 1296 2416 Theologus
1320 2358 1440 2393 vero
1464 2358 1558 2393 suo
1583 2342 1839 2410 fungetur
1862 2358 2080 2395 munere
2102 2343 2219 2396 loco

319 2447 380 2479 ac
428 2429 611 2480 diebus
657 2445 749 2496 per
796 2428 1126 2496 episcopum
1144 2426 1499 2496 designandis,
1547 2426 1617 2478 ad
1665 2427 1910 2479 tramites
1956 2443 2220 2481 sacrorum

321 2512 626 2566 Canonum:
674 2515 808 2564 item
831 2513 1104 2580 episcopus
1127 2515 1505 2582 argumentum
1527 2511 1823 2579 praefiniet.

463 2597 512 2650 7.
563 2598 770 2667 Regula
793 2615 886 2666 pro
906 2597 1186 2650 Canonicis
1210 2596 1548 2667 designandis
1566 2597 1696 2649 haec
1714 2597 1847 2650 erit·
1873 2596 2005 2650 Post
2021 2599 2219 2668 primas

318 2684 596 2736 electiones
638 2684 837 2734 virtute
877 2682 1276 2735 commemorati
1316 2682 1488 2734 brevis
1526 2681 1821 2749 Apostolici
1856 2683 1926 2735 ab
1959 2686 2220 2755 episcopis
2249 2667 2254 2671 .

320 2769 480 2820 libere
528 2767 757 2831 effectaS,
804 2767 864 2818 in
910 2771 1195 2834 posterum,
1244 2767 1515 2819 observata
1562 2766 1907 2819 distinctione
1953 2771 2219 2824 mensium

321 2854 458 2905 circa
504 2852 841 2904 collationem
890 2851 944 2904 S.
990 2851 1140 2904 Sedis
1186 2852 1436 2919 rescripto
1483 2853 1855 2922 peragendam,
1896 2854 1956 2905 in
2002 2855 2220 2924 reliquis

322 2938 604 3001 mensibuS,
637 2937 851 2988 alternis
888 2937 1092 2989 vicibus
1133 2937 1431 2989 nominatio
1455 2936 1570 2998 fiat,
1594 2937 1678 2988 vel
1715 2937 1878 2990 libere
1900 2956 1995 3008 per
2018 2942 2221 3008 episco-

320 3041 469 3092 pum,
493 3023 578 3074 vel
619 3039 712 3090 per
752 3022 1067 3090 capitulum,
1092 3038 1154 3073 ea
1177 3026 1359 3074 tamen
1382 3023 1584 3073 ratione
1609 3026 1674 3073 ut
1698 3024 1904 3089 quoties
1929 3028 2219 3094 propositio

322 3109 390 3159 ad
414 3107 709 3176 capitulum
751 3107 1031 3174 pertineat,
1056 3110 1159 3158 tres
1185 3107 1526 3173 ecclesiastici
1565 3107 1666 3157 viri
1699 3108 1877 3172 semel,
1912 3110 2126 3175 iterum,
2162 3115 2220 3164 et

322 3193 480 3243 tertio
518 3192 760 3259 episcopo
801 3191 1161 3253 exhibeantur,
1200 3194 1265 3241 ut
1305 3191 1543 3254 idoneuS,
1586 3195 1643 3242 et
1683 3180 2035 3260 undequaque
2076 3213 2219 3248 com-

322 3278 717 3328 commendatus
758 3276 826 3326 ab
868 3276 1051 3327 eodem
1093 3276 1374 3327 canonicus
1419 3276 1772 3338 instituatur;
1825 3277 1979 3330 aliter
2026 3279 2218 3334 electio

321 3360 483 3412 libere
506 3362 573 3412 ad
598 3362 900 3428 episcopum
924 3361 1203 3428 pertineat.

466 3455 513 3504 8.
568 3451 702 3503 Cum
736 3453 911 3503 desint
944 3442 1084 3501 inter
1119 3469 1212 3502 nos
1250 3452 1576 3503 canonicales
1600 3453 1943 3520 praebendae,
1968 3459 2025 3508 et
2060 3474 2218 3510 cano-

321 3538 431 3587 nici
456 3537 539 3587 vel
563 3539 855 3587 animarum
877 3554 1046 3599 curae,
1064 3536 1147 3587 vel
1164 3537 1468 3604 juventutis
1487 3539 1819 3589 institutioni
1842 3541 1900 3590 in
1920 3542 2216 3595 seminariis

322 3638 502 3672 vacare
538 3626 603 3671 ut
643 3621 934 3688 plurimum
960 3620 1199 3684 debeant,
1223 3623 1326 3689 ipsi
1352 3624 1591 3673 canonici
1616 3614 1683 3674 ab
1708 3640 1862 3675 onere
1884 3627 2214 3692 residentiae,

322 3711 379 3757 et
419 3723 560 3756 sacra
602 3705 768 3756 officia
809 3705 867 3756 in
906 3705 1192 3756 cathedrali
1236 3708 1535 3776 peragendi,
1580 3710 1898 3760 auctoritate
1937 3711 2214 3778 pontificia

322 3791 654 3850 eximuntur3
698 3789 984 3841 dummodo
1026 3789 1261 3856 quolibet
1299 3807 1477 3841 mense
1521 3792 1679 3843 semel
1717 3793 1933 3845 chorum
1958 3795 2119 3858 adire,
2157 3799 2214 3847 et
