2514 4504
465 377 586 438 174
1014 390 1176 435 οοΝο.
1224 392 1394 434 PRov.
1440 392 1658 434 wser.
1707 394 1791 432 111.

455 556 576 590 cum
616 539 815 607 junior,
857 539 1162 607 praesertim
1212 539 1256 589 si
1306 538 1528 607 pedibus
1575 538 1944 603 incedendum,
1991 538 2183 590 melius
2221 557 2350 591 onus

454 628 661 693 portare
686 624 900 674 valebit.

597 721 869 789 Quidquid
907 738 1026 772 vero
1065 721 1316 790 Episcopi
1359 720 1544 790 quovis
1583 721 1689 772 alio
1714 719 1930 772 meliore
1953 720 2109 772 modo
2132 720 2274 773 inter
2297 739 2352 774 se

453 809 510 858 in
535 807 633 858 tali
659 824 780 857 casu
805 807 1145 857 convenerint
1169 807 1423 858 habeatur
1447 824 1540 874 pro
1558 811 1704 857 rato:
1737 806 1873 857 salus
1893 807 2035 857 enim
2054 807 2351 859 animarum

452 894 511 943 in
552 893 737 960 primis
775 892 1088 959 quaerenda,
1126 908 1225 942 nec
1268 893 1334 942 de
1372 892 1547 956 mod0,
1585 892 1631 943 si
1661 891 1834 956 licite,
1861 891 2093 943 nimium
2126 891 2352 945 sollicite

455 982 534 1029 est
558 978 918 1047 cogitandum.

1076 1176 1480 1231 DECRETUM
1541 1177 1724 1231 XVII.

972 1330 1055 1391 De
1106 1317 1507 1391 cathedratico
1534 1336 1807 1392 solvendo.

595 1510 778 1564 EmuS.
805 1511 1107 1564 Praefectus
1151 1510 1205 1564 S.
1232 1511 1670 1582 congregationis
1707 1512 1774 1566 de
1815 1510 1879 1565 P.
1903 1509 1968 1564 F.
1993 1515 2212 1566 nomine
2235 1513 2349 1568 EE.

451 1600 560 1650 ΡΡ.
586 1600 731 1650 illius
776 1599 828 1651 S.
857 1598 1093 1662 Consilii,
1117 1615 1209 1667 per
1242 1599 1448 1650 litteras
1473 1599 1560 1650 die
1590 1601 1652 1649 12
1680 1597 1809 1651 Feb.
1836 1600 2090 1651 currentis
2113 1601 2259 1664 anni,
2283 1601 2351 1653 ad

452 1684 692 1735 Illmum.
719 1689 774 1736 et
799 1684 1013 1736 Rmum.
1040 1685 1105 1735 D.
1133 1684 1459 1753 Episcopum
1503 1684 1962 1752 Liverpolitanum
1987 1685 2156 1749 datm,
2179 1686 2351 1738 voluit

450 1770 782 1821 committere
830 1771 954 1820 huic
1010 1769 1220 1838 Synodo
1269 1770 1591 1822 Provinciali
1641 1771 1803 1821 dubia
1851 1774 2032 1822 exorta
2077 1772 2138 1822 in
2183 1772 2351 1839 ipsius

448 1856 687 1908 Dioecesi
724 1857 861 1909 circa
899 1855 1326 1908 Cathedraticum
1365 1857 1648 1923 quotannis
1697 1856 1961 1924 Episcopo
2009 1856 2348 1910 solvendum:

448 1959 584 2010 quae
626 1943 842 2009 quidem
885 1942 1047 1993 dubia
1090 1958 1122 1992 a
1164 1940 1444 1992 Sacerdote
1477 1957 1569 1992 suo
1605 1940 1925 1992 Dioecesano
1961 1942 2030 1993 ad
2066 1941 2121 1994 S.
2160 1942 2351 1994 Sedem

448 2029 675 2079 deducta
725 2032 868 2090 sunt,
910 2031 974 2078 ut
1022 2026 1152 2094 quid
1200 2027 1258 2076 in
1306 2028 1412 2077 ista
1460 2027 1769 2094 praesertim
1818 2027 2060 2080 Dioecesi
2107 2029 2246 2081 circa
2288 2047 2350 2082 ea

449 2114 741 2164 tenendum
802 2116 936 2164 esset
997 2113 1373 2163 decerneretur.
1484 2112 1644 2164 Porro
1704 2113 1820 2180 ipsa
1883 2112 1938 2165 S.
2002 2112 2350 2184 Congregatio

448 2201 679 2269 plurima
718 2217 782 2252 ex
824 2200 942 2250 istis
991 2199 1185 2264 dubiis,
1226 2198 1613 2267 sapientissime
1655 2203 1722 2250 ut
1763 2199 1912 2263 solet,
1960 2201 2259 2252 enucleavit
2294 2205 2352 2253 et

451 2285 624 2337 solvit.

591 2391 676 2442 Ad
715 2391 966 2459 quintum
1008 2407 1129 2442 vero
1172 2389 1413 2453 dubium,
1455 2387 1682 2458 gradum
1730 2390 1876 2441 sistit
1918 2389 1973 2443 S.
2001 2389 2350 2462 Congregatio

450 2476 590 2528 hisce
615 2476 785 2527 verbis
806 2494 820 2537 ;
847 2480 880 2506 ‘⁶
897 2476 1096 2539 Dilata,
1114 2480 1170 2527 et
1188 2477 1492 2543 exquiratur
1506 2479 1691 2526 votum
1713 2473 1937 2526 Concih'i
1956 2462 2349 2529 Provincialis.”

450 2564 691 2617 Dubium
715 2562 814 2613 hoc
838 2563 1090 2629 quintum
1111 2561 1451 2628 sequentibus
1470 2560 1687 2612 vocibus
1713 2563 2060 2628 exprimitur:
2099 2567 2133 2593 ‘⁶
2154 2563 2350 2615 Utrum

451 2649 730 2699 conveniat
773 2646 826 2698 S.
855 2646 979 2698 Sedi
1022 2647 1370 2697 determinare
1412 2662 1676 2696 summam
1720 2646 2023 2698 solvendam
2045 2647 2146 2699 hoc
2169 2648 2350 2713 titulo,

451 2735 510 2785 in
533 2733 728 2803 Anglia
753 2736 807 2784 et
833 2732 1109 2800 speciatim
1132 2733 1192 2782 in
1214 2730 1452 2782 Dioecesi
1479 2730 1875 2799 Liverpolitana
1893 2731 1918 2782 ⁶?
1935 2731 1962 2756 ’'

592 2839 712 2890 Duo
759 2856 881 2908 ergo
928 2839 1079 2889 nobis
1127 2837 1215 2888 hic
1263 2838 1612 2888 remittuntur
1671 2837 2006 2890 deliberanda
2064 2839 2131 2892 de
2177 2839 2351 2894 valore

452 2923 812 2978 cathedratici
835 2927 891 2975 et
906 2923 1115 2991 judicio
1142 2923 1195 2974 S.
1222 2922 1373 2974 Sedis
1398 2922 1776 2974 submittenda.

599 3030 646 3078 1.
697 3026 838 3087 Quid
885 3027 946 3076 in
994 3027 1164 3093 specie
1203 3026 1484 3076 conveniat
1522 3007 1578 3076 S.
1621 3022 1747 3076 Sedj
1785 3023 2006 3082 definire
2046 3025 2115 3081 de
2156 3025 2348 3080 Gathe-

450 3114 652 3166 dratico
680 3110 826 3163 Clero
862 3111 1257 3178 Liverpolitano
1282 3110 1626 3161 conveniente
1644 3110 1669 3162 ἶ)

597 3217 647 3265 2.
699 3213 839 3274 Quid
865 3212 1158 3280 generatim
1182 3229 1276 3279 pro
1301 3212 1497 3280 Anglia
1511 3212 1906 3267 statuendum?

594 3321 677 3371 Ad
715 3320 947 3387 primum
989 3319 1307 3384 quaesitum,
1330 3335 1385 3368 rc
1427 3324 1666 3370 accurate
1704 3322 2012 3387 ponderata,
2035 3326 2348 3392 responden-

451 3407 581 3458 dum
605 3421 890 3466 censemUS,
916 3419 1177 3453 summam
1220 3402 1377 3453 unius
1421 3403 1583 3454 librae
1609 3405 1910 3474 sterlingae,
1935 3408 2120 3459 habita
2143 3407 2348 3463 ratione

452 3490 771 3543 conditionis
796 3492 852 3539 et
874 3488 1039 3539 bonae
1076 3488 1365 3538 voluntatis
1408 3489 1553 3539 illius
1587 3490 2040 3543 aedificantissimi
2064 3494 2205 3557 cleri,
2241 3512 2348 3547 non

452 3592 558 3627 esse
599 3574 824 3624 nimiam
866 3572 951 3622 vel
993 3588 1290 3623 onerosam:
1330 3573 1470 3640 quod
1510 3573 1699 3624 clarius
1738 3575 1943 3642 patebit
1987 3593 2050 3628 ex
2099 3585 2347 3646 sequente

453 3658 798 3726 responsione.
