2514 4504
957 494 1204 540 APPEND.
1254 493 1293 537 1.
1947 472 2067 535 133

158 646 462 716 ignoranter
485 645 772 715 contigerit
796 646 1070 697 attentari.
1144 643 1266 695 Non
1291 640 1644 704 obstantibuS,
1671 642 1714 692 si
1739 655 1871 707 opus
1895 638 2072 701 fuerit,

157 732 347 784 Nostra
392 738 448 783 et
489 730 841 783 Cancellariae
880 730 1203 799 apostolicae
1241 728 1424 797 regula
1458 727 1525 778 de
1554 727 1675 795 jure
1701 725 1941 795 quaesito
1968 740 2073 774 non

157 817 408 882 tollend0,
432 818 656 885 aliisque
682 817 1003 885 apostolicis,
1029 820 1193 886 atque
1218 816 1277 866 in
1301 813 1707 875 universalibus,
1738 810 2074 879 provinciali-

158 904 353 971 busque
380 908 436 955 et
462 903 798 971 synodalibus
824 903 1063 954 conciliis
1095 901 1254 953 editis
1291 898 1625 968 generalibus
1652 897 1733 948 vel
1759 895 2073 964 specialibus

154 989 624 1041 constitutionibus
662 993 718 1040 et
756 987 1199 1050 ordinationibus,
1226 985 1550 1051 caeterisque
1575 984 1740 1035 etiam
1779 982 1993 1051 speciali
2019 986 2074 1033 et

154 1075 433 1126 individua
465 1075 736 1126 mentione
770 1091 831 1126 ac
858 1074 1200 1143 derogatione
1226 1071 1406 1141 dignis
1430 1071 1489 1121 in
1514 1070 1838 1121 contrarium
1876 1068 2074 1119 facien-

156 1160 300 1212 tibus
326 1160 747 1228 quibuscunque.

297 1246 498 1298 Datum
536 1245 735 1296 Romae
771 1245 915 1313 apud
955 1242 1009 1297 S.
1048 1244 1281 1296 Mariam
1318 1242 1429 1311 Maj
1438 1258 1579 1293 orem
1617 1240 1715 1293 sub
1744 1239 1941 1291 annulo
1965 1240 2074 1308 pis-

153 1332 343 1384 catoris
367 1332 455 1383 die
484 1332 509 1381 1
538 1330 575 1383 J
576 1330 694 1382 unii
720 1341 1041 1394 MDOOOLVII,
1069 1329 1425 1382 Pontificatus
1451 1327 1633 1379 Nostri
1658 1343 1797 1378 anno
1822 1328 2010 1395 primo·

403 1436 699 1502 ALoYsmS,
724 1433 875 1488 Card.
903 1433 1356 1496 LAMBRUSGHINI,
1374 1447 1412 1485 α
1436 1427 1706 1484 Brevibus
1733 1426 2071 1503 apostolicis.

895 1756 1128 1824 PARS
1171 1760 1325 1823 VII.

429 1940 668 1995 SUPER
702 1939 1185 1994 MATRIMONIO
1226 1893 1793 1994 CONTRAHENDO.

159 2099 264 2142 UBI
289 2097 483 2141 ADES'I'
509 2097 932 2142 PRAESUMPTIO
960 2097 1248 2140 BAPTISMI
1275 2098 1578 2142 INVALIDE
1606 2099 1862 2143 COLLATI
1889 2098 2072 2141 PARTI

910 2183 1311 2226 HAERETIOAE.

685 2315 726 2370 (1
765 2314 893 2357 Gonc.
932 2313 1253 2364 Westmonast„
1292 2312 1413 2364 xxii„
1451 2315 1540 2366 26.)

758 2473 826 2516 IN
829 2472 1107 2517 STRUCTIO
1136 2472 1181 2515 S.
1215 2471 1451 2516 OFFICII.

295 2618 491 2672 SSmus
514 2618 672 2672 Dom.
687 2617 882 2672 Noster
900 2619 1084 2671 divina
1108 2619 1443 2688 providentia
1464 2618 1749 2688 Gregorius
1768 2619 1878 2673 PP.
1898 2621 2070 2686 XVI„

152 2705 212 2756 in
237 2705 394 2757 solita
418 2705 696 2757 audientia
732 2704 798 2756 R.
824 2704 887 2756 P.
916 2703 1287 2760 Commissario
1314 2704 1563 2756 Generali
1590 2705 1644 2757 S.
1674 2705 1850 2759 Officii
1876 2708 2073 2774 imper-

152 2787 274 2850 tita,
298 2787 484 2838 audita
507 2786 764 2839 relatione
782 2787 934 2839 dubii
952 2788 1020 2839 ab
1045 2787 1110 2838 R.
1130 2788 1193 2839 P.
1214 2787 1279 2839 D.
1307 2788 1570 2857 Episcopo
1595 2788 1647 2840 N
1650 2791 2072 2856 eo-Eboracensi,

151 2875 351 2936 utrum,
378 2872 603 2936 scilicet,
625 2874 685 2924 in
709 2874 1139 2941 praesumptione
1164 2874 1421 2941 baptismi
1447 2875 1682 2926 invalide
1708 2876 1891 2927 collati
1926 2878 2070 2945 parti

150 2956 445 3010 haereticae
479 2958 887 3010 matrimonium
912 2976 1035 3010 cum
1070 2963 1224 3028 parte
1255 2960 1517 3011 catholica
1542 2977 1574 3011 a
1602 2959 1738 3013 Sede
1763 2961 2072 3029 Apostolica

151 3043 454 3111 dispensata
490 3044 626 3096 inire
662 3044 905 3112 cupienti
942 3045 1165 3097 conferri
1203 3045 1397 3096 debeat
1432 3046 1631 3097 iterum
1670 3046 1949 3115 Baptisma
1975 3049 2073 3100 sub

151 3128 494 3181 conditione?
557 3134 613 3182 et
673 3130 996 3198 praehabitis
1059 3131 1616 3183 Eminentissimorum
1678 3132 2071 3199 Inquisitorum

151 3215 479 3282 generalium
507 3215 772 3286 suffragiis
799 3216 972 3267 dixitz

296 3300 463 3352 Detur
487 3300 759 3352 decretum
785 3300 958 3352 latum
996 3302 1095 3353 sub
1133 3302 1263 3354 feria
1300 3314 1379 3366 IV,
1423 3301 1486 3355 17
1526 3301 1872 3371 Septembris,
1915 3307 2071 3369 1830,

152 3384 404 3450 instante,
451 3390 517 3438 ut
566 3387 820 3454 sequitur.
932 3387 996 3439 R.
1042 3387 1088 3438 P
1133 3388 1199 3440 D.
1252 3389 1516 3457 Episcopo
1566 3389 1870 3441 Aniciensi:
1935 3394 1968 3421 “
1986 3391 2071 3441 An

154 3468 475 3524 calvinistae
500 3475 557 3523 et
581 3472 875 3523 Lutherani
898 3473 958 3523 in
981 3473 1091 3525 illis
1128 3476 1370 3542 partibus
1401 3476 1652 3543 degentes
1678 3492 1903 3543 quorum
1930 3476 2072 3544 Bap-

152 3556 312 3608 tisma
352 3559 576 3610 dubium
614 3562 671 3610 et
710 3563 1016 3627 suspectum
1054 3564 1152 3623 est,
1177 3560 1417 3611 infideles
1453 3559 1703 3623 habendi,
1729 3561 1808 3611 ita
1833 3565 1897 3612 ut
1930 3562 2072 3613 inter

152 3657 239 3693 eos
287 3646 344 3695 et
385 3642 684 3695 Catholicos
727 3644 1058 3712 disparitatis
1108 3645 1283 3696 cultus
1320 3646 1767 3712 impedimentum
1818 3646 2069 3697 dirimens

153 3726 329 3778 adesse
366 3728 720 3780 censeatur?”
796 3727 896 3781 Cui
932 3729 1221 3781 instantiae
1260 3729 1312 3781 S.
1345 3728 1401 3781 C.
1441 3730 1498 3779 in
1536 3730 1806 3796 praedicta
1834 3730 1964 3781 feria
1990 3732 2069 3782 ita

153 3812 454 3880 respondit:
516 3817 561 3865 1.
606 3813 791 3876 Quoad
816 3814 1106 3867 haereticos
1131 3830 1356 3882 quorum
1382 3818 1554 3865 sectae
1578 3814 1796 3865 ritualia
1820 3817 2069 3882 praescri-
