2514 4504
1026 501 1301 546 nuceam.
2019 479 2102 541 33

360 654 410 705 9.
462 650 731 719 Quidquid
756 650 823 701 ad
848 650 1104 717 pietatem
1140 646 1421 698 fovendam
1458 648 1646 712 aptum
1685 648 1783 706 est,
1818 643 1957 693 inter
1992 658 2111 692 suos

216 737 502 798 instituat3
540 736 738 788 scholas
763 735 983 799 feriales,
1008 737 1063 785 et
1088 730 1448 792 dominicaleS,
1471 746 1567 781 nec
1604 745 1709 779 non
1747 727 1996 778 serotinas
2022 742 2114 776 seu

216 827 496 874 nocturnas
567 825 897 889 nuncupatas
969 818 1170 887 aperiat
1197 835 1212 879 3
1285 814 1773 866 confraternitatem
1845 810 2115 861 doctrinae

219 905 542 959 Christianae
581 906 786 970 fundet,
829 903 980 972 cujus
1019 902 1147 954 socii
1179 900 1323 951 hisce
1357 898 1545 950 scholis
1569 898 1853 955 assistant3
1891 911 1977 946 eas
2001 895 2114 962 ipse

218 992 516 1059 frequenter
539 990 738 1042 visitet.
800 988 988 1058 (Cone.
1015 986 1179 1039 Ρνσυ.
1206 981 1433 1046 Mediol,
1460 982 1558 1045 II.,
1591 982 1701 1032 dec.
1730 982 1816 1047 11.)

358 1074 708 1127 Devotionem
733 1090 855 1142 erga
878 1072 1094 1124 Domini
1131 1070 1297 1122 nostri
1332 1069 1645 1136 passionem,
1671 1071 1727 1116 et
1754 1066 1814 1115 B.
1840 1065 2118 1133 Virginem

218 1163 541 1230 promoveat,
566 1177 611 1211 e.
635 1176 688 1228 g.
713 1158 871 1209 Viam
899 1156 1077 1209 Crucis
1114 1154 1379 1223 erigendO,
1405 1152 1682 1203 Rosarium
1711 1150 1998 1212 recitandO,
2022 1165 2118 1200 nec

219 1263 326 1299 non
350 1246 608 1313 pietatem
633 1260 755 1313 erga
775 1241 1200 1294 Sacratissimum
1226 1238 1325 1291 Cor
1348 1238 1386 1291 J
1386 1255 1479 1289 esu
1503 1242 1557 1288 et
1578 1236 1994 1287 Immaculatum
2022 1234 2121 1286 Cor

221 1326 592 1380 Sanctissimae
612 1325 724 1393 ejus
742 1324 934 1376 Matris
953 1322 1249 1385 excitando,
1264 1338 1325 1372 ac
1343 1320 1767 1372 benedictionem
1788 1317 2121 1370 Sanctissimi

221 1412 546 1466 Sacramenti
571 1411 777 1479 saepius
801 1407 1153 1478 impertiendo
1178 1403 1266 1477 (¹).

368 1499 451 1548 10.
499 1496 695 1547 Videat
732 1498 915 1546 tamen
956 1499 1020 1546 ut
1058 1491 1197 1544 nihil
1231 1490 1536 1544 introducat
1572 1490 1713 1559 quod
1737 1506 1844 1541 non
1868 1488 2031 1540 fuerit
2054 1487 2123 1539 ab

222 1581 458 1635 Ecclesia
494 1581 861 1649 approbatum.
950 1578 1229 1646 Quumque
1266 1577 1552 1629 invaluerit
1592 1593 1717 1627 usus
1749 1574 2027 1637 recitandi,
2064 1573 2124 1624 in

222 1667 511 1720 minoribus
535 1666 766 1718 ecclesiis
790 1665 1068 1734 praecipue
1092 1664 1150 1714 in
1173 1662 1570 1731 campestribuS,
1589 1661 1849 1713 orationes
1868 1659 2124 1726 quasdam

223 1753 430 1822 vulgari
452 1752 724 1814 idiomate,
748 1755 873 1802 ante
897 1754 953 1801 et
976 1753 1096 1817 post
1119 1750 1351 1812 missam,
1369 1748 1614 1800 volumus
1638 1752 1702 1798 ut
1725 1746 1904 1797 nullae
1928 1744 2126 1796 admit-

224 1842 407 1890 tantur
429 1852 624 1905 preces,
648 1836 877 1886 maxime
902 1851 1022 1886 vero
1045 1833 1284 1896 litaniae,
1316 1849 1453 1901 quae
1486 1833 1554 1884 ab
1590 1832 1828 1883 Ecclesia
1865 1846 1974 1881 non
2017 1830 2127 1880 sint

226 1923 474 1986 sancitae,
512 1920 597 1972 vel
638 1920 706 1971 ab
739 1919 1000 1987 Episcopo
1039 1918 1374 1986 approbatae.
1448 1916 1524 1968 Et
1566 1917 1786 1985 quidem
1828 1914 2126 1983 optandum

225 2007 450 2070 videtur,
495 2009 560 2057 ut
606 2004 736 2056 haec
784 2003 1025 2072 Synodus
1074 2003 1277 2072 aliquas
1325 2018 1567 2071 personas
1614 2002 1730 2070 pias
1772 2001 2014 2068 deputet,
2057 1997 2126 2049 ad

224 2089 475 2143 effectum
522 2089 845 2157 compilandi
892 2090 1170 2152 orationeS,
1217 2105 1282 2140 ex
1341 2087 1470 2141 locis
1528 2087 1781 2156 probatiS,
1829 2102 1966 2154 quae
2014 2085 2124 2136 ritu

224 2174 476 2227 uniformi
499 2173 697 2240 ubique
720 2174 1022 2226 recitentur.

370 2261 397 2309 1
408 2261 454 2311 1.
504 2258 608 2311 Sed
626 2258 869 2310 volumus
888 2259 1212 2328 praesertim,
1230 2262 1296 2310 ut
1313 2259 1522 2326 quoties
1541 2255 1785 2326 expedire
1801 2255 2123 2324 judicaverit

225 2344 516 2412 Episcopus
557 2344 862 2396 missionem
898 2344 984 2396 vel
1025 2344 1273 2396 exercitia
1309 2342 1606 2411 spiritualia
1642 2343 1710 2393 ab
1745 2341 1950 2408 aliquot
2000 2340 2124 2391 viris

223 2430 499 2499 religiosiS,
522 2445 615 2481 seu
639 2429 703 2480 de
727 2428 880 2492 clerc,
897 2428 1143 2481 fidelibus
1161 2429 1263 2480 sibi
1280 2430 1571 2481 commissis
1590 2429 1842 2480 tradenda
1866 2430 2124 2495 procuret.

225 2515 315 2566 Ita
353 2514 579 2577 eveniet,
619 2517 685 2564 ut
724 2517 942 2583 surgant
981 2514 1336 2582 expergefacti
1371 2515 1467 2582 qui
1501 2515 1560 2564 in
1596 2514 1804 2566 delictis
1837 2513 2127 2575 dormiunt,

223 2600 394 2668 tepidi
417 2616 479 2651 ac
503 2599 699 2651 debiles
722 2600 1026 2651 animentur
1049 2604 1106 2650 et
1129 2600 1538 2663 corroborentur,
1558 2599 1696 2668 justi
1719 2615 1839 2651 vero
1863 2614 1924 2649 ac
1948 2598 2125 2649 devoti

224 2686 293 2737 ad
317 2685 603 2737 ferventius
627 2685 846 2752 pietatis
871 2685 1106 2735 studium
1135 2684 1549 2736 inflammentur.

372 2771 455 2822 12.
502 2768 739 2821 Rectoris
762 2769 1028 2833 ecclesiae,
1053 2770 1164 2821 sive
1187 2770 1455 2833 ordinarii,
1471 2772 1581 2821 sive
1594 2768 1929 2831 missionarii,
1954 2767 2127 2835 desig-

225 2855 374 2907 natio
411 2871 571 2923 penes
608 2855 931 2923 Episcopum
967 2858 1082 2906 est:
1120 2856 1199 2906 ita
1235 2859 1301 2905 ut
1331 2856 1546 2906 nullum
1578 2855 1669 2923 jus
1711 2854 1780 2904 ad
1821 2852 2124 2921 hujusmodi

224 2940 604 3009 praelationem
639 2940 766 2992 inde
801 2941 1119 3008 acquiratur,
1155 2941 1297 3008 quod
1332 2940 1525 3008 aliquis
1562 2939 1794 2991 sacerdos
1837 2938 2126 2989 secundum

224 3027 402 3079 locum
447 3027 509 3078 in
554 3026 804 3079 missione
850 3026 1203 3094 occupaverit,
1250 3024 1336 3077 vel
1383 3026 1549 3077 etiam
1597 3040 1691 3092 pro
1732 3027 1969 3091 tempore
2006 3039 2125 3074 eam

226 3112 691 3164 administraverit.

375 3195 458 3245 13.
509 3192 706 3246 Caveat
745 3209 815 3245 ne
854 3196 1088 3245 assumat
1128 3208 1302 3255 onera,
1339 3191 1653 3259 temporalia
1688 3190 1775 3242 vel
1812 3189 2127 3258 spiritualia,

228 3279 605 3332 successoribus
646 3278 1090 3339 transmittenda3
1126 3294 1177 3330 v.
1210 3295 1264 3347 g.
1297 3278 1547 3345 pecunias
1589 3277 1762 3328 fenore
1803 3275 2126 3342 accipiendO,

229 3366 314 3416 vel
337 3366 502 3416 etiam
525 3363 886 3431 promittendo
910 3363 1155 3416 fidelibus
1189 3363 1379 3413 Missas
1420 3378 1514 3429 pro
1553 3361 1968 3413 benefactoribus
2009 3376 2126 3427 per-

228 3454 392 3519 petuo
434 3448 782 3511 celebrandas,
830 3452 895 3499 ut
942 3464 1097 3516 opera
1143 3448 1235 3515 pia
1282 3447 1518 3511 fundare,
1566 3447 1650 3499 vel
1688 3446 1851 3498 etiarn
1884 3444 2125 3497 ecclesias

230 3538 491 3586 exstruere
515 3549 694 3584 eorum
719 3532 938 3583 inducat
962 3532 1182 3583 animos,

376 3622 460 3671 14.
510 3618 615 3680 Qui
639 3634 818 3669 curam
842 3620 1034 3686 gerunt
1056 3617 1371 3679 animarum,
1394 3615 1463 3666 ad
1494 3615 1832 3666 residentiam
1868 3631 1922 3666 se
1957 3615 2128 3666 sciant

232 3705 425 3765 teneri3
460 3706 517 3755 et
553 3703 772 3771 proinde
813 3716 970 3752 nemo
1009 3716 1180 3767 saepe,
1217 3715 1387 3766 neque
1423 3699 1534 3750 sine
1569 3698 1870 3749 rationabili
1898 3714 2069 3762 causa,
2092 3714 2126 3749 a

378 3855 434 3909 (1)
471 3853 682 3896 Videatur
697 3853 947 3904 Rescriptum
970 3850 1017 3891 in
1034 3848 1247 3903 Append.,
1268 3849 1317 3890 n⁰
1335 3849 1481 3900 XXI.,
1501 3861 1544 3902 p.
1561 3850 1626 3892 72.
1934 3903 1964 3948 3
