2514 4504
403 419 512 482 24.
977 436 1140 479 corto.
1186 435 1352 479 PROV.
1398 434 1619 477 wss'rM.
1663 431 1703 475 1.

399 588 662 650 ecclesiae,
700 588 793 655 qui
832 603 918 638 eos
957 585 1070 636 oleo
1109 587 1333 652 ungant,
1377 583 1555 648 sicque
1591 598 1684 648 pro
1710 584 1944 632 extremo
1968 597 2137 650 agone
2161 581 2297 636 vines

398 675 683 741 praebeant
708 677 764 724 et
789 677 1050 723 tut-amen.

543 762 590 809 3.
630 759 858 825 Ideoque
882 755 1083 825 aegroti
1108 753 1390 805 familiares
1415 751 1648 803 studiose
1672 755 1903 814 moneat,
1919 769 1980 802 ac
1999 752 2298 821 frequenter

399 845 658 907 fidelibus,
684 845 812 894 dum
837 843 966 894 bene
991 841 1187 903 valent,
1213 840 1465 900 insinuet,
1502 838 1661 905 quod,
1700 839 1743 888 si
1780 837 1976 888 medici
2013 837 2297 890 acatholici

399 947 495 997 ope
518 933 755 992 utantur,
772 929 1038 990 insistant,
1058 943 1120 977 ac
1145 924 1503 992 frequentibus
1528 924 2029 992 interrogationibus
2052 928 2297 994 urgeant,

397 1019 461 1064 ut
485 1016 668 1065 statim
693 1031 753 1063 ac
777 1013 987 1064 morbus
1019 1010 1242 1080 periculi
1280 1010 1522 1077 speciem
1545 1009 1783 1071 inducat,
1821 1009 1961 1076 ipsos
1997 1009 2295 1074 admoneat,

397 1117 479 1162 ne,
505 1100 898 1167 superveniente
922 1099 1195 1166 repentino
1220 1095 1399 1162 aliquo
1425 1110 1566 1157 casu,
1591 1094 1770 1144 anima
1793 1093 1954 1162 hujus
1983 1096 2297 1171 sacramenti

397 1184 650 1236 beneficio
673 1185 921 1252 privetur.

539 1272 590 1320 4.
639 1270 722 1320 Ad
747 1268 1042 1320 custodiam
1066 1267 1167 1318 olei
1193 1266 1523 1317 infirmorum
1560 1264 1753 1316 habeat
1788 1264 1964 1317 locum
2002 1266 2296 1332 decentem,

398 1355 543 1406 clave
572 1355 885 1417 obseratum,
922 1355 965 1404 si
998 1353 1112 1404 fieri
1140 1355 1319 1420 potest
1351 1352 1407 1401 in
1443 1350 1676 1413 ecclesia,
1714 1350 1799 1401 vel
1823 1351 1881 1401 in
1907 1353 2162 1407 sacrario:
2199 1356 2298 1405 aut

399 1441 578 1502 etiam,
615 1440 771 1507 juxta
813 1440 1192 1507 praescriptum
1233 1437 1293 1487 in
1332 1435 1566 1488 Concilio
1599 1453 1744 1504 prov.
1770 1436 2157 1490 Mediolanensi
2181 1438 2262 1489 IV
2264 1475 2298 1503 .‚

399 1527 506 1576 “in
530 1527 644 1594 ipsa
670 1526 841 1588 dom0‚
868 1525 980 1576 loco
1006 1524 1215 1575 decenti
1240 1539 1301 1573 ac
1326 1521 1494 1572 tut0.”

542 1611 606 1661 In
654 1611 802 1661 novis
851 1610 1082 1660 ecclesiis
1131 1607 1486 1669 aedificandiS,
1535 1610 1749 1674 paretur
1805 1607 2078 1660 fenestella
2133 1625 2297 1678 prope

397 1697 559 1748 altare
607 1696 798 1764 majuS,
846 1697 933 1747 cui
981 1695 1300 1746 inscribatur
1349 1691 1547 1746 Oleum
1593 1691 1978 1760 infirmorum,
2026 1711 2152 1747 cum
2199 1708 2298 1748 suo

398 1782 584 1834 ostiolo
609 1783 752 1834 clave
777 1783 1004 1833 munito.

541 1870 590 1919 5.
642 1867 888 1919 Sacerdos
936 1868 1004 1918 ad
1046 1866 1422 1919 moribundum
1470 1869 1706 1929 vocatuS,
1756 1866 1800 1916 si
1848 1867 1894 1917 is
1943 1870 1977 1897 “
1996 1867 2079 1918 vel
2127 1867 2298 1920 morbi

398 1954 469 2015 vi,
492 1952 576 2003 vel
608 1954 882 2020 repentino
919 1952 1097 2019 aliquo
1134 1969 1259 2003 casu
1291 1952 1409 2019 jam
1447 1968 1656 2002 sensum
1693 1967 1906 2002 omnem
1943 1952 2198 2018 amiserit,
2234 1957 2301 2006 ut

398 2037 534 2087 nihil
575 2037 729 2105 plane
778 2038 1095 2106 intelligat,'’
1138 2039 1236 2089 hoc
1284 2042 1545 2088 extremae
1595 2038 1863 2089 unctionis
1913 2043 2299 2092 sacramentum

399 2123 692 2173 ministrare
729 2124 883 2174 debet
919 2129 953 2154 ‘⁶
971 2125 1015 2175 si
1051 2125 1207 2174 modo
1244 2123 1416 2175 adhuc
1454 2123 1619 2185 vivat,
1645 2127 1718 2186 et,
1744 2123 1874 2174 dum
1899 2141 2055 2176 usum
2080 2124 2300 2178 rationis

399 2207 630 2271 haberet,
678 2209 757 2276 pii
817 2210 983 2260 animi
1045 2209 1489 2278 significationem
1539 2207 1761 2271 dederit,
1803 2213 1868 2259 ut
1907 2210 2032 2262 inde
2065 2210 2300 2279 judicari

400 2294 580 2359 possit,
630 2310 750 2344 eum
800 2295 900 2345 hoc
947 2298 1333 2347 sacramentum
1381 2293 1697 2362 petiturum,
1746 2294 1791 2345 si
1839 2294 2014 2346 adhue
2059 2296 2303 2367 integrae

400 2376 595 2426 mentis
618 2375 799 2428 esset.”
819 2374 891 2447 (¹)

1041 2541 1445 2595 DECRETUM
1506 2542 1663 2596 XXI.

958 2667 1041 2721 De
1083 2667 1439 2722 Sam-amento
1490 2667 1744 2724 Ordfzwzs.

545 2795 827 2849 Pastoralis
852 2795 1224 2846 sollicitudinis
1249 2798 1531 2864 praecipua
1554 2814 1673 2865 pars
1698 2801 1798 2862 est,
1813 2799 2084 2852 ministros
2104 2798 2300 2853 Christi

405 2884 462 2933 et
485 2879 862 2947 dispensatores
886 2881 1254 2948 mysteriorum
1279 2882 1397 2945 Dei,
1420 2887 1604 2946 rectos,
1630 2883 1827 2947 fideleS,
1854 2886 1999 2935 omni
2037 2887 2300 2938 virtutum

406 2982 593 3035 genere
617 2970 938 3032 praestantes
964 2965 1250 3030 efformare,
1275 2971 1331 3016 et-
1354 2967 1412 3017 in
1438 2967 1654 3018 ecclesia
1678 2954 2015 3021 constituere.

547 3049 627 3099 De
642 3049 944 3100 clericorum
961 3047 1127 3117 igitur
1144 3051 1476 3118 promotione
1494 3056 1550 3102 et
1567 3052 1912 3117 ordinatione,
1923 3070 2056 3121 quae
2075 3072 2304 3124 sequun-

408 3138 497 3185 tur
521 3133 699 3184 sedulo
724 3134 977 3184 observari
1001 3135 1367 3202 praecipimus,
1779 3135 1782 3139 ’

556 3220 601 3267 1.
651 3217 901 3284 Episcopi
950 3218 1300 3270 ordinationes
1349 3223 1584 3284 teneant,
1634 3226 1923 3298 quantume
1945 3223 2058 3274 fieri
2107 3229 2302 3292 potest,

408 3301 732 3368 temporibus
756 3317 788 3350 a
804 3301 924 3368 jure
949 3303 1182 3365 statutiS,
1207 3303 1291 3353 vel
1315 3304 1373 3354 in
1398 3305 1630 3356 ecclesiis
1655 3307 1763 3357 suis
1788 3307 2192 3372 cathedralibus,
2217 3312 2302 3362 vel

408 3387 467 3436 in
510 3385 737 3436 ecclesiis
781 3402 871 3435 seu
913 3386 1113 3436 sacellis
1150 3389 1562 3439 seminariorum.
1645 3388 1808 3440 Fiant
1844 3396 2024 3443 autem
2067 3397 2302 3447 maxima

409 3488 531 3521 cum
574 3470 923 3533 solemnitate,
966 3471 1220 3523 adhibitis
1263 3473 1506 3524 omnibus
1543 3474 1735 3526 ritibus
1777 3477 1871 3543 qui
1907 3477 1967 3528 in
1991 3478 2300 3534 Pontificali

411 3554 647 3606 Romano
671 3555 1105 3621 praescribuntur.

555 3638 603 3688 2.
644 3634 776 3687 Cum
814 3653 933 3688 vero
957 3637 1097 3688 inter
1129 3637 1443 3691 ordinandos
1485 3655 1637 3708 saepe
1685 3640 2058 3708 inveniantur,
2090 3646 2184 3714 qui
2231 3647 2303 3700 ab

556 3786 613 3840 (1)
657 3789 798 3828 Οοηοίῑ.
815 3789 1028 3829 Mediolan.
1044 3802 1158 3839 prov.
1180 3787 1271 3831 111.
