2514 4504
966 499 1243 545 Danaam.
1927 482 2049 543 155

300 648 431 700 Erat
478 649 645 718 igitur
699 647 797 699 hoc
851 649 1083 715 primum
1133 647 1302 697 totius
1364 643 1630 696 Ecclesiae
1692 643 2066 708 Seminarium,

159 732 352 788 Christi
391 733 607 784 Domini
650 730 1072 784 contubernium.
1149 729 1383 782 Ubinam
1428 746 1549 781 sane
1573 730 1835 798 gentium,
1858 729 1963 779 nisi
1987 730 2065 779 ibi

158 817 363 870 firmam
407 834 556 868 suam
599 820 656 868 et
695 816 976 868 sublimem
1019 815 1197 867 hausit
1246 813 1405 865 fidem
1448 815 1677 881 piscator
1718 813 1924 876 Petrus,
1974 813 2068 863 ubi

159 902 385 954 Thomas
427 902 611 953 ardens
635 901 954 952 desiderium
978 899 1269 951 Dominum
1295 899 1364 949 ad
1388 915 1646 951 carcerem
1671 903 1727 950 et
1750 899 1819 950 ad
1843 902 2068 949 mortem

159 987 467 1050 comitandi,
506 986 601 1038 ubi
643 986 922 1053 praecipue
960 983 995 1036 J
997 999 1190 1036 oannes
1233 984 1425 1035 amoris
1468 985 1525 1035 in
1550 983 1725 1035 Deum
1751 987 1808 1035 et
1831 982 2070 1034 homines

159 1072 494 1139 disciplinam
519 1070 819 1133 coelestem,
842 1070 948 1121 nisi
974 1086 1037 1121 ex
1062 1069 1314 1120 diuturno
1339 1069 1600 1120 consortio
1625 1086 1749 1119 cum
1788 1068 2071 1119 Incarnata

162 1155 451 1224 Sapientia,
475 1156 605 1207 dum
630 1160 663 1186 “
683 1156 743 1206 in
762 1155 914 1206 terris
939 1155 1206 1222 apparuit,
1225 1159 1281 1205 et
1300 1171 1424 1205 cum
1443 1153 1751 1205 hominibus
1769 1156 2072 1204 conversata

161 1240 311 1293 est?''
383 1241 458 1293 Et
480 1241 698 1310 quidem
724 1240 906 1291 divina
928 1240 1034 1291 ista
1052 1239 1294 1291 doctrina
1312 1256 1418 1290 non
1432 1256 1497 1290 ex
1512 1239 1740 1290 doctoris
1765 1236 2072 1289 sublimiore

161 1325 408 1378 cathedra
467 1342 589 1377 cum
650 1341 846 1394 pompa
893 1324 1269 1392 proferebatur,
1319 1325 1409 1376 sed
1458 1323 1638 1392 potius
1698 1322 1951 1373 familiari
2012 1337 2074 1371 ac

162 1410 414 1463 continuo
456 1410 716 1479 colloquio
740 1409 1125 1461 insinuebatur.
1201 1407 1291 1460 Sic
1314 1408 1460 1459 enim
1485 1424 1796 1459 convescens
1821 1408 2075 1475 pracepta

163 1496 237 1547 eis
274 1495 551 1556 tradebat3
604 1496 680 1547 sic
715 1511 988 1563 nunquam
1026 1495 1266 1546 suaviora
1302 1497 1399 1545 aut
1437 1492 1738 1562 pulchriora
1775 1508 1839 1544 ex
1876 1490 2075 1542 Divina

163 1583 343 1631 mente
366 1579 610 1647 protulit,
635 1596 797 1648 quam
822 1596 946 1630 cum
971 1579 1029 1630 in
1055 1579 1310 1646 supremis
1336 1578 1442 1630 suis
1467 1577 1655 1646 epulis,
1680 1577 1744 1629 de
1769 1592 1948 1627 amore
1970 1591 2076 1643 quo

164 1665 220 1716 in
261 1664 380 1716 illos
422 1668 478 1717 et
518 1666 577 1716 in
601 1681 696 1716 nos
731 1664 965 1727 ardebat,
988 1662 1150 1715 effata
1174 1662 1438 1727 coelestia,
1463 1661 1692 1714 facundo
1716 1677 1820 1725 ore,
1844 1674 2077 1729 pronun-

164 1749 344 1802 ciavit.

307 1834 479 1896 Quam
528 1851 742 1887 suorum
790 1833 1199 1885 instructionem
1247 1847 1355 1883 non
1403 1830 1574 1883 verbis
1623 1833 1839 1881 tantum
1889 1829 1978 1880 sed
2020 1831 2078 1880 et

164 1919 371 1971 actibus
418 1919 749 1988 complebat:
801 1934 909 1970 non
951 1922 1067 1969 tam
1110 1917 1398 1985 discipulos
1445 1919 1502 1967 et
1552 1931 1864 1967 successores
1914 1929 2077 1980 quam

166 2004 329 2056 socios
378 2007 434 2055 et
475 2007 735 2055 consortes
773 2003 834 2054 in
872 2019 967 2055 suo
1010 2002 1308 2054 ministerio
1356 2001 1664 2053 adsciscens,
1739 1998 1881 2050 Nam
1930 1998 2079 2049 velut

166 2088 344 2156 aquila
384 2088 558 2156 pullos
597 2104 716 2139 suos
757 2088 826 2138 ad
868 2087 1107 2139 volatum
1145 2086 1394 2149 incitans,
1435 2086 1557 2153 Ipse
1597 2084 1886 2152 discipulos
1927 2083 2079 2135 binos

166 2178 292 2226 ante
333 2191 387 2226 se
428 2173 809 2242 praemittebat
849 2172 909 2223 in
952 2188 1164 2223 omnem
1202 2171 1379 2223 locum
1406 2171 1500 2222 ubi
1525 2174 1639 2221 erat
1663 2170 1786 2238 Ipse
1810 2173 2078 2232 venturuS,

165 2263 230 2310 ut
269 2259 632 2327 praedicarent
670 2257 888 2308 verbum
930 2256 1048 2319 Dei,
1090 2259 1432 2325 aegrotosque
1475 2258 1750 2307 sanarent:
1787 2255 1869 2305 ita
1891 2258 1957 2304 ut
1981 2254 2080 2305 sub

166 2343 407 2412 magistri
433 2342 601 2409 ipsius
639 2340 806 2392 oculis
830 2339 1200 2408 praeluderent
1223 2339 1508 2407 majoribus
1533 2339 1636 2391 sibi
1662 2338 2078 2390 committendis·

310 2426 690 2477 Perfectissimi
728 2425 1011 2478 Seminarii
1035 2425 1123 2475 hic
1149 2424 1373 2475 formam
1398 2424 1673 2487 habemus,
1698 2425 1756 2475 in
1780 2441 1884 2492 quo
1909 2423 2080 2474 futuri

168 2511 408 2563 custodes
430 2511 604 2580 gregis
628 2528 660 2562 a
682 2511 821 2563 bono
845 2513 1053 2578 pastore
1077 2510 1443 2570 instruuntur3
1481 2512 1537 2559 et
1560 2509 1629 2559 ad
1654 2525 1785 2576 opus
1811 2508 1894 2559 sui
1920 2507 2079 2559 officii

169 2597 533 2665 disponuntur.
627 2596 711 2648 En
760 2596 1013 2664 Princeps
1060 2596 1176 2663 ipse
1224 2594 1521 2657 Pastorum,
1571 2593 1865 2661 Episcopus
1912 2593 2080 2643 totius

170 2682 436 2734 Ecclesiae
477 2685 534 2733 et
559 2680 827 2745 Conditor,
867 2682 960 2749 qui
983 2697 1090 2732 non
1116 2680 1435 2749 dedignatur
1459 2679 1691 2746 seipsum
1716 2678 1982 2746 imperitis
2017 2693 2081 2729 ac

171 2768 336 2820 etiam
378 2767 595 2819 rudibus
637 2767 829 2830 dicare,
869 2783 999 2835 quos
1023 2766 1240 2834 quidem
1267 2765 1431 2816 etiam
1457 2764 1689 2832 expolire
1714 2764 1949 2831 primum
1971 2778 2080 2814 non

170 2852 446 2916 erubescit,
484 2855 541 2903 et
564 2854 695 2903 tunc
719 2868 812 2919 per
836 2851 1139 2903 convictum
1174 2849 1725 2916 necessitudinemque
1748 2852 2080 2916 perpetuam,

171 2937 278 2989 suis
324 2936 574 3000 moribus,
600 2936 811 3004 suisque
848 2934 1265 3005 cogitationibus
1307 2933 1522 3001 penitus
1558 2932 1813 2999 imbuere.
1889 2931 2081 3001 Sicque

169 3022 386 3073 tandem
424 3024 774 3089 praeparatOS,
816 3023 938 3088 post
963 3036 1167 3071 sacrum
1192 3034 1469 3080 secessum,
1494 3018 1693 3068 virtute
1719 3033 1857 3068 nova
1881 3035 1945 3069 ex
1969 3018 2080 3069 alto

170 3107 401 3169 indutos,
440 3104 645 3173 Spiritu
686 3104 880 3157 Sancto
916 3105 1162 3173 repletOS,
1188 3103 1377 3170 dignos
1403 3119 1527 3153 suae
1551 3101 1678 3152 fidei
1703 3118 1998 3170 praeconeS,
2024 3105 2081 3154 et

171 3191 251 3242 sui
289 3191 532 3259 perpetui
572 3190 851 3242 sacerdotii
894 3190 952 3240 in
990 3192 1168 3240 totum
1202 3188 1382 3239 orbem
1407 3187 1693 3255 participes
1718 3187 2078 3239 demandavit.

170 3275 252 3326 Ex
275 3275 374 3326 hoc
398 3279 512 3326 tam
554 3275 835 3342 praeclaro,
871 3276 1038 3326 immo
1062 3274 1259 3325 Divino
1297 3273 1538 3340 exemplo
1577 3289 1802 3340 pronum
1827 3276 1940 3323 erat
1962 3289 2082 3340 pro-

171 3361 364 3428 spicere
405 3362 664 3411 immensa
707 3362 812 3412 fere
855 3360 1131 3412 commoda
1172 3359 1276 3410 toti
1320 3358 1586 3410 Ecclesiae
1635 3361 1902 3410 eventura.
1975 3358 2081 3408 Vix

172 3461 293 3514 ergo
330 3446 436 3496 tria
473 3444 644 3512 prima
687 3445 892 3495 saecula
934 3446 1274 3513 transegerat,
1300 3447 1576 3509 vestesque
1601 3443 1858 3510 sanguine
1882 3443 2080 3495 tinctas

172 3532 487 3591 mutaverat,
529 3546 650 3579 cum
694 3529 792 3579 viri
832 3529 1092 3596 sapientia
1117 3532 1173 3578 et
1197 3528 1399 3595 pietate
1423 3527 1658 3595 insignes
1683 3528 1749 3578 de
1774 3528 2080 3579 clericorum

173 3616 481 3666 educatione
524 3615 654 3665 serio
696 3614 944 3665 meditari
987 3616 1044 3664 et
1085 3615 1360 3663 tentamen
1403 3612 1618 3678 aliquod
1661 3612 1805 3662 felici
1843 3630 2078 3665 successu

174 3703 470 3767 coeperunt.
546 3700 694 3749 Inter
742 3715 871 3765 quos
919 3698 1122 3765 primus
1180 3700 1261 3747 est
1310 3697 1799 3748 commemorandus
1851 3697 2079 3749 Sanctus

175 3782 530 3851 Hipponensis
574 3783 867 3850 Episcopus
905 3781 1252 3848 Augustinus,
1291 3780 1382 3848 qui
1410 3780 1463 3830 in
1494 3797 1643 3831 suam
1669 3781 1888 3832 domum
1913 3783 2077 3833 socios
