2514 4504
1022 581 1295 624 nicenum.
2020 562 2096 628 17

211 736 486 807 negligant
509 753 641 788 neve
664 734 804 787 ultra
823 750 983 803 quam
1008 732 1288 786 necessitas
1308 733 1507 799 poscat,
1527 728 1595 780 ad
1620 731 1882 779 remotum
1901 729 2112 795 tempus

211 824 505 874 remittant.

353 910 405 958 4.
455 907 715 958 Teneatur
751 907 808 957 in
845 921 1158 973 unaquaque
1196 903 1416 955 ecclesia
1457 900 1741 970 registrum
1782 898 2115 951 confirmato·-

211 1010 346 1056 rum,
370 994 563 1043 inserto
587 993 802 1043 nomine
827 991 1023 1059 patrini
1050 1007 1141 1041 seu
1160 989 1418 1040 matrinae
1438 1004 1452 1048 ;
1491 990 1547 1038 et
1572 985 1816 1038 elenchus
1842 984 2116 1036 confirma-

212 1085 386 1131 torum
412 1080 655 1146 episcopo
681 1079 935 1130 tradatur.

357 1166 407 1216 5.
457 1164 706 1215 Patrinus
749 1164 832 1214 vel
875 1164 1121 1225 matrina,
1162 1178 1254 1230 pro
1292 1160 1597 1212 diversitate
1635 1176 1797 1221 sexuS,
1827 1156 2115 1223 unicuique

213 1267 276 1302 ex
312 1249 683 1300 confirmandis
707 1249 934 1313 assistat,
961 1248 1177 1300 servatis
1215 1252 1396 1298 tamen
1421 1244 1815 1297 conditionibus
1841 1258 1998 1310 supra
2021 1257 2115 1310 pro

215 1334 489 1403 Baptismo
514 1335 781 1403 expressis,
858 1333 1007 1403 (Dec.
1034 1335 1142 1396 xvi,
1167 1333 1224 1383 n⁰
1256 1335 1364 1401 15.)

820 1530 1221 1584 DECRETUM
1292 1529 1503 1583 XVIII.
1561 1582 1565 1586 .

508 1665 587 1718 De
623 1664 990 1719 Sanctissimo
1026 1663 1414 1718 Eucharistiae
1451 1664 1825 1719 Sacramenta

356 1799 505 1853 Inter
546 1805 629 1853 tot
671 1802 862 1853 amoris
906 1802 1125 1870 pignora
1168 1801 1319 1852 nobis
1362 1801 1560 1852 tradita
1593 1818 1624 1850 a
1661 1799 1857 1851 Divino
1894 1798 2116 1850 humani

212 1888 415 1957 generis
455 1886 740 1950 Salvatore,
778 1904 898 1937 cum
936 1886 1146 1936 nullum
1172 1887 1421 1949 sanctiuS,
1446 1886 1657 1936 nullum
1682 1884 1998 1953 praeclarius
2022 1883 2115 1935 illo

214 1974 515 2024 inveniatur
533 1989 636 2039 quo
663 1970 859 2039 Corpus
885 1970 1054 2022 Suum
1081 1971 1505 2023 Sacratissimum
1524 1972 1582 2022 in
1607 1971 1805 2035 cibum,
1832 1975 1887 2022 et
1912 1970 2116 2022 Pretio-

212 2058 478 2109 sissimum
504 2056 674 2109 Suum
701 2056 1026 2126 Sanguinem
1051 2058 1110 2109 in
1135 2063 1325 2126 potum
1351 2058 1501 2109 nobis
1527 2058 1694 2120 dedit,
1718 2059 1798 2108 ita
1822 2073 1918 2108 nec
1943 2056 2114 2108 ullum

212 2144 333 2207 fuit,
359 2144 415 2194 in
441 2144 581 2210 quod
606 2143 736 2195 adeo
751 2144 1043 2195 infraenate
1068 2145 1374 2196 insaevierit
1399 2144 1637 2212 ejusdem
1661 2144 1884 2194 humani
1911 2143 2115 2213 generis

209 2228 591 2280 infensissimus
616 2229 797 2282 hostiS.
873 2230 1017 2281 Hinc
1049 2231 1292 2282 adversus
1317 2230 1724 2281 Divinissimum
1752 2229 1804 2281 S.
1837 2228 2116 2281 Eucharis-

210 2316 318 2366 tiae
359 2314 757 2366 Sacramentum
784 2316 873 2366 vix
907 2321 987 2366 est
1012 2316 1181 2367 verbis
1205 2333 1440 2384 promere
1466 2332 1627 2383 quam
1652 2315 1849 2367 nefarie
1874 2320 1929 2367 et
1952 2332 2114 2383 quam

210 2401 374 2468 impie
416 2400 473 2450 in
516 2402 706 2453 nostris
744 2402 1047 2469 regionibus
1086 2406 1269 2453 actum
1324 2402 1686 2469 scriptumque
1736 2403 1822 2452 sit.
1921 2401 2115 2452 Nullus

207 2486 454 2538 licentiae
496 2487 683 2538 modus
720 2487 1020 2555 imposituS,
1046 2488 1179 2555 quin
1217 2487 1470 2551 dicteriiS,
1498 2487 1768 2550 conviciis,
1795 2492 1851 2537 et
1875 2487 2116 2554 blasphe-

207 2572 346 2635 mus,
371 2576 436 2623 ut
478 2571 785 2641 sacrilegam
827 2573 1249 2640 profanationem
1283 2577 1571 2635 taceamUS,
1597 2573 1910 2641 impetitum
1936 2573 2114 2635 fuerit,

207 2661 263 2708 et
286 2657 585 2709 etiamnum
623 2659 932 2726 impetatur.
1008 2658 1112 2711 Sed
1149 2676 1255 2726 quo
1279 2659 1511 2709 insanior
1534 2658 1923 2710 incredulorum
1947 2658 2114 2709 rabies

205 2758 310 2810 quo
333 2743 540 2812 gravior
564 2744 776 2796 divinae
790 2744 1062 2814 ,bonitatis
1105 2744 1318 2812 injuria,
1346 2761 1407 2795 eo
1432 2744 1589 2795 debet
1615 2762 1724 2795 esse
1751 2744 1981 2795 vivacior
2007 2761 2114 2795 cre-

207 2827 451 2879 dentium
493 2828 642 2894 fides,
681 2834 738 2881 et
778 2832 919 2900 grati
962 2830 1130 2881 animi
1175 2847 1387 2890 sensus3
1432 2846 1493 2881 eo
1537 2829 1793 2897 insignior
1833 2830 2009 2880 cultus
2052 2847 2112 2881 ac

207 2912 476 2982 religionis
515 2914 753 2967 affectus.
827 2915 981 2967 Nihil
1018 2933 1141 2984 ergo
1180 2915 1310 2966 haec
1351 2914 1592 2983 Synodus
1626 2916 1899 2982 antiquius
1935 2914 2112 2980 habet,

207 3014 369 3066 quam
412 3000 671 3067 pietatem
711 3004 768 3054 et
811 3001 1147 3053 devotionem
1187 3017 1310 3069 erga
1353 3000 1646 3051 Dominum
1683 3000 1938 3052 Nostrum
1974 3002 2032 3051 in
2058 2999 2112 3052 S.

209 3082 543 3142 Eucharistia
581 3085 770 3150 fovere,
813 3089 870 3137 et
911 3086 1109 3154 ubique
1148 3086 1452 3137 omnimodo
1476 3102 1809 3153 promovere:
1860 3090 1922 3136 ut
1949 3102 2115 3137 sacer-

208 3171 395 3222 dotum
438 3170 610 3234 corda,
652 3172 870 3239 spiritus
912 3172 1240 3242 pinguedine
1278 3171 1498 3239 repleta,
1542 3176 1668 3222 eant
1706 3172 1771 3222 de
1815 3173 2014 3223 virtute
2055 3173 2113 3222 in

208 3256 483 3318 virtutem,
521 3272 583 3307 ac
626 3256 895 3309 Ecclesiae
929 3257 1031 3308 filii
1070 3256 1239 3308 veluti
1265 3257 1484 3308 novellae
1511 3257 1768 3308 olivarum
1801 3256 1859 3307 in
1885 3258 2113 3308 circuitu

208 3340 515 3392 Dominicae
539 3357 750 3392 mensae
774 3342 1014 3410 quotidie
1047 3343 1364 3405 assistenteS‚
1390 3341 1627 3394 coelestis
1659 3344 1812 3409 panis
1837 3343 2113 3394 dulcedine

207 3431 515 3490 recreentur,
563 3443 625 3478 ac
672 3427 731 3478 in
779 3427 1094 3478 fortitudine
1143 3428 1250 3479 cibi
1310 3427 1458 3479 illius
1506 3427 1784 3479 ambulent
1831 3444 1997 3496 usque
2045 3428 2113 3480 ad

210 3515 448 3582 montem
472 3511 589 3562 Dei.

354 3598 402 3647 1.
452 3595 807 3664 Quaecunque
838 3597 1007 3665 igitur
1029 3598 1097 3648 ad
1129 3598 1523 3649 divinissimum
1560 3596 1658 3648 hoc
1696 3596 2113 3661 Sacramentum,

208 3685 266 3732 et
303 3681 370 3731 ad
415 3679 743 3732 Sacrificium
786 3682 1124 3732 incruentum
1164 3683 1477 3745 referuntur,
1527 3682 1731 3744 altaria,
1781 3698 1903 3732 vasa
1952 3698 2112 3746 sacra,

210 3781 455 3832 sacraque
498 3764 749 3833 supelleX,
790 3766 835 3816 si
876 3783 982 3817 non
1023 3767 1298 3834 splendida
1332 3772 1387 3818 et
1419 3767 1664 3834 pretiosa,
1698 3766 1886 3817 saltem
1919 3766 2111 3830 nitida,

207 3851 409 3900 munda
432 3854 489 3900 et
512 3850 755 3900 decentia
779 3855 952 3901 sunto.
1028 3851 1182 3901 Nihil
1206 3851 1454 3914 lacerum,
1474 3851 1613 3901 nihil
1639 3850 1959 3918 squalidum,
1975 3849 2111 3901 nihil

206 3933 408 3985 vilioris
432 3950 593 4002 quam
619 3934 771 3985 decet
790 3935 967 4003 pretii,
986 3935 1042 3986 in
1069 3953 1123 3986 re
1149 3952 1290 3987 sacra
1316 3937 1553 3987 facienda
1579 3935 1810 3986 sacerdos
1835 3935 2108 3985 admittat.

1917 4029 1943 4056 ¹)

1918 4053 1944 4069 d
