2514 4504
440 380 524 445 58
1022 404 1188 448 coNc.
1233 399 1398 446 PRov.
1446 398 1663 442 wser.
1712 396 1751 440 1.

437 565 506 616 ab
530 566 894 620 ecclesiasticis
932 570 1075 633 viris,
1100 570 1194 638 qui
1230 568 1387 620 sacris
1412 564 1667 618 obeundis
1703 562 2010 614 muneribus
2044 562 2186 612 inter
2208 559 2340 612 alios

436 652 829 719 praestiterunt,
854 656 1191 722 potissimum
1206 671 1326 706 vero
1351 650 1658 704 testimonio
1684 649 2064 716 Episcoporum
2088 663 2182 715 pro
2205 650 2341 697 tem-

437 752 562 803 pore
603 739 963 803 existentium,
1006 740 1250 791 nonnulli
1291 737 1625 806 Apostolicae
1649 733 1774 785 Sedi
1799 732 2251 796 commendentur,
2274 747 2340 784 ex

437 821 630 888 quibus
672 823 854 875 eadem
892 825 960 876 ad
1007 825 1357 894 episcopalem
1393 822 1636 891 gradum,
1678 835 1838 887 quem
1879 818 2052 887 magis
2085 817 2341 869 idoneum

438 907 698 958 censuerit
720 908 913 978 eligere
937 910 1127 962 valeat.

583 991 984 1046 Commendatio
1019 1012 1139 1047 vero
1163 993 1469 1062 hujusmodi
1494 991 1636 1042 tanti
1672 988 1932 1041 momenti
1955 1004 2065 1039 esse
2087 986 2343 1052 noscitur,

437 1078 501 1127 ut
523 1077 775 1144 inspectis
798 1081 1336 1132 animadversionibus
1360 1079 1429 1130 ab
1453 1076 1889 1127 Eminentissimo
1913 1090 1975 1125 ac
2000 1073 2345 1124 Reverendis-

438 1160 572 1212 simo
588 1161 816 1215 Domino
835 1164 886 1215 N
888 1165 1057 1216 icolao
1077 1165 1130 1217 S.
1148 1166 1212 1216 R.
1234 1165 1297 1217 E.
1315 1161 1587 1215 Oardinali
1601 1161 1872 1211 Wiseman
1887 1175 1948 1210 ac
1963 1158 2078 1209 RR.
2095 1158 2205 1209 PP.
2223 1157 2341 1208 DD.

438 1245 712 1315 Episcopis
749 1249 974 1319 Angliae
1002 1251 1241 1313 redditis,
1267 1267 1328 1301 ac
1364 1266 1420 1300 re
1457 1251 1699 1299 accurate
1734 1261 2005 1314 perpensa,
2031 1243 2086 1296 S.
2115 1243 2344 1314 Congre-

438 1332 584 1400 gatio
626 1333 691 1384 de
733 1334 1079 1405 Propaganda
1118 1335 1269 1398 Fide,
1308 1336 1367 1385 in
1402 1333 1638 1402 generali
1675 1335 1942 1383 conventu
1976 1330 2160 1381 habito
2196 1330 2283 1382 die
2307 1331 2341 1383 5

437 1415 634 1484 Aprilis
685 1420 842 1483 1852,
889 1421 1144 1489 peculiari
1191 1421 1541 1472 instructione
1588 1417 1902 1469 methodum
1947 1415 2343 1485 proponendam

439 1503 715 1555 censuerit.
2429 1566 2438 1577 ἱ

582 1587 719 1640 Cum
744 1589 1036 1660 Episcopus
1073 1594 1154 1643 est
1189 1590 1609 1653 constituenduS,
1634 1588 2001 1658 capitulariter
2023 1587 2344 1658 dignitarius

438 1676 496 1725 et
529 1674 769 1726 canonici
807 1675 953 1727 illius
998 1676 1264 1727 Ecclesiae
1300 1675 1635 1738 conveniant,
1673 1675 1916 1743 precibus
1941 1674 2007 1725 de
2030 1690 2173 1726 more
2195 1691 2345 1742 prae-

439 1759 630 1822 missiS,
654 1776 716 1810 ac
739 1762 993 1828 praestito
1010 1761 1315 1830 juramento
1340 1761 1407 1811 de
1431 1764 1629 1811 secreto
1654 1761 1921 1823 servandO,
1945 1759 2115 1811 tribus
2138 1761 2343 1813 vicibus

438 1843 687 1914 suffragia
725 1846 958 1898 ferantur
999 1847 1136 1897 circa
1174 1862 1418 1914 personas
1457 1845 1683 1897 Sanctae
1720 1844 1847 1896 Sedi
1872 1845 2042 1896 veluti
2079 1845 2343 1915 digniores

437 1930 892 1982 commendandas.
983 1930 1041 1983 Si
1088 1932 1147 1982 in
1195 1931 1374 1998 aliqua
1421 1948 1485 1981 ex
1532 1930 1702 1981 tribus
1749 1930 1957 1981 vicibus
2005 1930 2065 1980 in
2111 1930 2344 1983 favorem

436 2013 638 2064 nullius
685 2015 863 2066 adsint
911 2015 1160 2085 suffragia
1201 2019 1287 2066 tot
1333 2031 1553 2066 numero
1602 2031 1736 2082 quae
1784 2014 2042 2065 excedant
2088 2015 2342 2084 majorem

436 2103 642 2167 partem
690 2116 899 2162 vocum,
941 2104 1092 2150 actus
1133 2099 1334 2150 nullius
1376 2098 1636 2150 momenti
1686 2098 1900 2162 existat,
1942 2102 2106 2166 atque
2145 2100 2343 2151 iterum

439 2183 690 2251 suffragia
713 2184 964 2236 ferantur.

580 2269 745 2320 Actus
769 2269 1076 2337 capitularis
1099 2271 1200 2321 rite
1225 2270 1517 2337 descriptus
1541 2272 1703 2336 atque
1727 2268 2053 2338 obsignatuS,
2070 2270 2343 2321 transmit-

438 2355 631 2406 tendus
656 2356 757 2425 erit
781 2355 849 2405 ad
873 2355 1357 2424 Archiepiscopum,
1373 2355 1457 2406 vel
1487 2355 1555 2405 ad
1574 2354 1964 2424 suffraganeum
1987 2355 2342 2424 antiquiorem

437 2444 658 2491 vacante
680 2440 793 2491 sedi
815 2439 1262 2508 archiepiscopali,
1287 2440 1373 2492 vel
1415 2441 1459 2491 si
1502 2440 1568 2491 de
1611 2440 2045 2491 commendandis
2069 2441 2139 2491 ad
2162 2441 2340 2509 ipsum

439 2524 943 2591 archiepiscopatum
970 2529 1157 2593 agatur
1178 2544 1191 2576 :
1229 2529 1294 2575 ut
1317 2528 1498 2575 coetus
1523 2524 1834 2592 episcopalis
1858 2525 2092 2576 consiliis
2116 2525 2341 2589 collatis,

439 2609 577 2660 circa
600 2610 703 2659 tria
725 2609 943 2659 nomina
970 2609 1304 2676 alphabetico
1339 2609 1523 2659 ordine
1559 2610 1838 2677 descripta,
1863 2626 2000 2677 quae
2028 2610 2088 2660 in
2113 2611 2337 2679 singulis

439 2693 799 2744 votationibus
835 2693 938 2760 maj
946 2710 1088 2744 orem
1125 2694 1493 2763 suffragiorum
1516 2697 1725 2760 partem
1749 2695 2079 2746 obtinuerint
2101 2696 2170 2748 ad
2200 2695 2254 2747 S.
2281 2694 2340 2748 C.

440 2778 645 2840 referat,
706 2794 958 2844 suamque
1018 2779 1322 2846 opinionem
1382 2778 1576 2841 tradat,
1637 2779 1940 2830 transmisso
1999 2781 2166 2831 etiam
2225 2780 2341 2848 ipso

441 2862 748 2913 authentico
774 2863 1056 2930 capitulari
1080 2867 1222 2914 actu·

584 2946 814 2997 Demum
862 2964 985 2997 cum
1045 2948 1349 3017 contingere
1409 2947 1694 3015 aliquando
1744 2949 1929 3016 possit,
1977 2952 2043 2999 ut
2102 2950 2342 3002 canonici

442 3031 681 3100 legitime
714 3031 1073 3098 impediantur
1109 3049 1177 3082 ne
1214 3033 1280 3083 ad
1319 3031 1628 3100 Capitulum
1665 3034 1724 3084 in
1760 3051 1865 3101 quo
1890 3033 2193 3101 hujusmodi
2225 3035 2339 3087 fieri

442 3115 601 3166 debet
624 3116 1011 3166 commendatio
1028 3117 1297 3180 accedant,
1317 3118 1523 3167 censuit
1542 3116 1595 3168 S.
1614 3115 1964 3186 Congregatio
1981 3118 2339 3173 admittendos

442 3203 574 3251 tunc
599 3218 705 3251 esse
748 3202 1050 3253 eorumdem
1085 3208 1439 3270 procuratores
1477 3204 1546 3254 ad
1582 3204 1834 3255 effectum
1858 3208 2074 3256 tantum
2097 3191 2339 3259 tradendi

444 3284 688 3335 schedam
712 3302 834 3336 cum
857 3286 1068 3336 nomine
1093 3291 1149 3336 et
1171 3289 1509 3354 praenomine
1533 3288 1780 3357 eligendi.
1801 3286 1873 3358 (1)

571 3438 615 3491 (ι)
647 3437 759 3489 Sive,
779 3440 905 3490 prout
922 3439 1066 3490 postea
1083 3451 1108 3478 a
1127 3438 1169 3478 S.
1194 3437 1243 3478 O.
1258 3439 1514 3490 explicatum
1532 3442 1609 3490 est,
1640 3442 1727 3480 tres
1755 3440 1942 3491 schedas,
1973 3453 2071 3481 cum
2096 3441 2339 3485 nominibus

443 3504 575 3546 trium
600 3505 788 3544 virorum
812 3503 1188 3556 proponendorum.
1248 3505 1496 3545 Notandum
1525 3507 1589 3546 est
1618 3507 1852 3558 generatim
1879 3506 2004 3558 quod,
2035 3507 2171 3548 sicubi
2195 3509 2339 3561 aliqua

443 3569 723 3622 discrepantia
762 3569 1005 3610 inveniatur
1048 3569 1162 3610 inter
1204 3570 1385 3612 Decreta
1424 3571 1577 3623 synodi
1612 3574 1655 3612 et
1699 3572 1964 3614 Documenta
2005 3573 2100 3626 ipsa
2141 3574 2196 3615 ad
2230 3588 2339 3627 quac

443 3635 698 3685 referuntur,
729 3636 808 3676 hoc
825 3635 925 3676 inde
943 3636 1124 3687 eveniat,
1150 3637 1263 3688 quod
1288 3637 1370 3677 ista
1396 3638 1449 3677 ab
1467 3637 1558 3689 ipsa
1583 3637 1626 3678 S.
1651 3638 1696 3678 O.
1716 3651 1792 3690 per
1816 3639 2116 3692 subsequentes
2141 3639 2338 3693 epistolas

443 3700 681 3742 modificata
705 3700 867 3742 fuerint
891 3698 939 3741 in
964 3701 1099 3753 praxi,
1127 3701 1262 3754 igitur
1287 3701 1598 3744 adhaerendum
1623 3704 1763 3745 textui
1789 3704 1963 3758 Synodi.
1994 3705 2051 3747 N.
2073 3705 2119 3747 O.
2139 3705 2215 3747 W.
