2514 4504
995 513 1269 557 neeman.
1938 503 2057 564 103

167 672 283 708 vero
306 657 538 723 spatium
563 655 789 706 liberum
814 672 919 706 non
946 657 1218 708 minuatur
1245 674 1415 725 neque
1441 665 1749 722 coarctetur,
1778 661 1854 711 Eo
1880 661 2059 714 incon-

165 741 317 793 sulto,
392 740 661 807 Quidquid
707 758 826 791 vero
869 742 1122 809 pecuniae
1168 759 1260 809 per
1302 744 1406 794 ista
1447 745 1623 795 media
1649 747 1715 795 ad
1761 747 2062 798 missionem

164 825 399 887 confluit,
447 842 549 875 non
600 827 667 876 ad
716 826 892 893 ipsum
949 827 1289 889 sacerdotem,
1341 829 1428 879 sed
1477 830 1544 879 ad
1607 835 1746 881 totas
1796 832 2061 883 missionis

162 912 495 963 necessitates
520 912 781 977 pertinere
822 915 1113 978 reputetur.
1189 911 1460 979 Quidquid
1505 914 1672 982 igitur
1697 915 2059 982 supellectilis„

165 1014 334 1049 sacrae
359 996 441 1047 vel
466 997 798 1059 domesticae,
825 1013 888 1047 ex
925 996 1007 1046 his
1050 995 1345 1047 redditibus
1370 998 1676 1065 acquisierit
1702 1000 1952 1063 sacerdOS,
1979 1000 2060 1052 vel

165 1082 422 1151 quidquid
464 1083 521 1131 in
565 1085 703 1132 sarta
746 1084 890 1131 tecta
932 1082 1143 1132 aedium
1188 1098 1449 1132 sacrarum
1490 1082 1574 1133 vel
1610 1084 1970 1136 aedificiorum
1996 1085 2063 1136 ad

163 1171 435 1223 ecclesiam
460 1170 932 1239 quomodocunque
958 1171 1318 1238 spectantium
1345 1174 1695 1224 conservanda
1716 1174 2064 1241 impenderit3

169 1274 275 1309 non
318 1257 437 1319 sibi,
486 1256 575 1307 sed
611 1256 849 1307 missioni
893 1256 1152 1324 providet,
1195 1273 1259 1307 ex
1305 1257 1457 1308 bonis
1495 1258 1563 1309 ad
1606 1275 1723 1310 eam
1757 1260 2074 1327 pertinenti-

174 1342 284 1393 bus·

304 1425 436 1477 XII.
489 1424 621 1477 Cum
648 1426 817 1494 igitur
836 1425 1070 1477 sacerdos
1088 1425 1282 1493 aliquis
1301 1426 1369 1477 ad
1395 1443 1545 1478 suam
1565 1428 1736 1495 primo
1761 1428 2067 1481 missionem

166 1511 387 1574 accedit,
436 1512 665 1578 accipiat
712 1528 744 1561 a
792 1510 988 1562 vicario
1038 1511 1264 1574 forane0,
1314 1511 1398 1563 vel
1447 1512 1515 1563 ab
1564 1512 1670 1564 alio
1709 1513 1965 1580 deputato
2001 1515 2070 1567 ab

151 1597 439 1666 Episcopo,
483 1596 840 1648 inventarium
889 1597 1130 1648 omnium
1179 1597 1247 1648 ad
1296 1597 1603 1648 missionem
1651 1598 2056 1665 pertinentium.

165 1683 395 1734 Tenetur
436 1686 618 1732 autem
661 1681 1048 1749 supellectilem
1092 1685 1147 1732 et
1190 1682 1432 1733 aedificia
1475 1683 1683 1751 integra
1715 1699 1931 1745 servare,
1957 1684 2067 1735 imo

163 1768 340 1836 potius
364 1766 654 1829 meliorare,
678 1770 743 1816 ut
769 1766 957 1817 saltem
1002 1767 1280 1817 successori
1326 1771 1540 1817 tantum
1580 1767 1758 1818 tradat
1799 1773 2064 1834 quantum

163 1854 274 1920 ipse
297 1852 519 1919 accepit.
594 1850 746 1911 Quod
772 1852 834 1914 si,
858 1851 944 1902 vel
968 1852 1036 1902 ad
1059 1850 1339 1902 reficienda
1382 1868 1515 1919 quae
1541 1855 1808 1902 vetustate
1832 1852 2064 1903 obsoleta

165 1942 220 1989 et
244 1937 481 2004 squalida
507 1941 799 2001 evaserunt,
815 1937 898 1988 vel
923 1937 990 1987 ad
1015 1937 1119 2005 maj
1128 1954 1268 1988 orem
1292 1937 1526 1988 locorum
1552 1937 1791 1987 decorem
1817 1954 1951 1987 nova
1977 1954 2066 1987 seu

164 2023 461 2074 venustiora
485 2022 790 2090 providerit,
816 2022 1259 2091 distinguendum
1302 2027 1401 2087 est,
1426 2039 1657 2091 quonam
1694 2040 1758 2074 ex
1784 2023 1930 2075 fonte
1967 2024 2073 2074 ista

172 2106 524 2175 provenerint.

161 2188 165 2191 ⁴
310 2193 357 2242 1.
407 2192 549 2244 Nam
574 2192 619 2243 si
646 2209 708 2243 ex
733 2194 943 2260 proprio
968 2193 1195 2261 peculi0,
1222 2194 1332 2244 sive
1357 2210 1420 2244 ex
1445 2194 1791 2244 familiarium
1818 2193 1919 2244 sibi
1938 2194 2072 2244 bene

166 2276 474 2328 affectorum
498 2277 667 2340 doniS,
694 2278 803 2329 sive
829 2279 1046 2329 tandem
1072 2295 1136 2329 ex
1160 2296 1221 2330 ea
1246 2284 1396 2347 parte
1421 2284 1776 2347 proventuum
1802 2278 2071 2329 Ecclesiae

167 2379 300 2430 quae
324 2363 423 2414 sibi
449 2364 710 2431 competit
733 2380 827 2431 pro
853 2380 945 2414 sua
981 2364 1201 2415 honesta
1239 2367 1641 2428 sustentatione,
1670 2364 1903 2415 sacerdos
1940 2363 2071 2414 haec

170 2448 269 2499 sibi
307 2448 706 2516 comparaverit,
748 2448 990 2500 habenda
1033 2453 1189 2500 erunt
1229 2454 1292 2500 ut
1340 2449 1566 2517 propria,
1617 2450 1821 2500 ratione
1872 2464 2075 2515 semper

170 2533 353 2584 habita
377 2534 718 2603 obligationis
743 2535 1082 2586 conservandi
1108 2536 1165 2586 in
1191 2535 1327 2587 bono
1353 2539 1499 2586 statu
1535 2552 1596 2586 ea
1621 2551 1754 2602 quae
1780 2535 2004 2601 accepit.

313 2628 365 2678 2.
415 2625 475 2677 Si
499 2643 620 2677 vero
645 2626 940 2695 generatim
965 2626 1305 2694 proventibus
1349 2626 1636 2689 Ecclesiae,
1662 2625 1746 2677 vel
1790 2626 1940 2677 donis
1966 2625 2077 2676 sive

172 2710 405 2762 collectis
465 2712 903 2781 congregationis,
964 2711 1049 2762 vel
1110 2712 1328 2763 tandem
1389 2728 1505 2763 aere
1564 2711 1633 2762 ab
1682 2711 1944 2778 Episcopo
1993 2709 2078 2760 vel

172 2796 683 2850 administratoribus
701 2813 874 2847 rerum
893 2797 1267 2865 temporalium
1286 2796 1593 2848 Dioeceseos
1612 2814 1868 2860 concesso,
1881 2796 2079 2847 fuerint

173 2886 302 2937 haec
333 2884 651 2955 conquisita,
694 2885 910 2935 omnino
952 2885 1192 2935 missioni
1229 2884 1444 2935 addicta
1479 2884 1702 2935 dicenda
1727 2887 1869 2946 sunt,
1905 2898 2079 2950 neque

175 2971 285 3023 ullo
307 2975 464 3039 pacto
500 2970 630 3021 licet
655 2971 911 3021 sacerdoti
937 2987 998 3021 ea
1024 2970 1124 3021 sibi
1156 2970 1437 3021 vindicare.

317 3055 481 3107 XIII.
532 3053 897 3107 communiter
958 3056 1124 3106 etiam
1185 3055 1522 3118 censendum,
1581 3055 1685 3105 nisi
1753 3055 2075 3106 contrarium

176 3146 375 3211 pateat,
390 3142 551 3210 juxta
592 3141 832 3210 regulam
875 3142 933 3191 in
966 3141 1090 3208 jure
1130 3142 1402 3204 traditam,
1428 3158 1506 3204 ea,
1550 3157 1684 3208 quea
1710 3140 2078 3192 ecclesiasticis

177 3227 359 3279 usibus
397 3230 524 3294 apta
563 3226 825 3277 donantur
874 3227 986 3276 viro
1030 3226 1376 3289 missionariO,
1420 3243 1527 3277 esse
1575 3226 1813 3277 missioni
1864 3225 2075 3275 donata.

180 3311 259 3362 Ea
295 3328 414 3363 vero
462 3328 596 3379 quae
638 3311 964 3378 personalem
1003 3310 1201 3362 habent
1243 3329 1416 3374 usum,
1442 3312 1544 3378 ipsi
1589 3312 1714 3361 data
1754 3314 2082 3377 reputantur,

181 3397 341 3448 sicuti
366 3397 531 3447 etiam
554 3413 633 3446 res
659 3412 848 3459 sacrae,
875 3397 919 3446 si
944 3413 1176 3463 expresse
1196 3396 1365 3446 veluti
1391 3396 1531 3465 grati
1557 3396 1724 3445 animi
1751 3394 1834 3445 vel
1858 3393 2080 3443 affectus

180 3482 373 3551 pignus
399 3498 431 3531 a
455 3482 860 3550 congregatione
887 3481 1143 3532 sacerdoti
1170 3481 1338 3531 cuivis
1364 3482 1644 3531 donantur.

322 3566 473 3618 XIV.
525 3567 816 3618 Honoraria
864 3566 1148 3617 Missarum
1198 3566 1266 3616 ad
1316 3565 1595 3616 sacerdotis
1651 3563 1918 3632 peculium
1969 3578 2084 3629 per-

182 3653 374 3704 tinent.
450 3651 709 3703 Similiter
750 3652 845 3703 ubi
889 3652 1039 3720 viget
1080 3668 1223 3713 usuS,
1249 3651 1501 3718 antiquus
1527 3650 1744 3719 quidem
1787 3649 1843 3698 in
1869 3646 2082 3715 Anglia,

182 3737 507 3804 temporibus
533 3737 851 3788 solemnibus
879 3735 1111 3787 Paschae
1153 3740 1209 3786 et
1252 3734 1303 3785 N
1305 3735 1569 3785 ativitatis
1596 3733 1832 3793 Domini,
1860 3730 2082 3799 singulis

184 3820 535 3873 sacerdotibus
558 3820 870 3872 munuscula
895 3820 1077 3882 dandi,
1103 3820 1229 3870 haec
1270 3820 1337 3870 ad
1381 3820 1521 3886 ipsos
1546 3818 1610 3869 de
1642 3817 1761 3885 jure
1795 3816 2079 3883 pertinent.
