2514 4504
967 552 1209 596 APPEND.
1254 553 1344 596 XX.
2013 543 2087 604 71

189 702 425 765 Patritii,
459 703 698 765 confessi,
734 706 790 753 et
826 701 881 753 S.
918 700 1114 770 Synaxi
1152 701 1351 764 refect-i,
1382 702 1495 769 pias
1524 702 1590 751 ad
1618 701 1790 752 Deum
1818 718 1990 769 preces
2018 702 2088 751 su-

190 789 364 840 derint
384 789 441 838 in
461 788 640 856 aliqua
660 787 885 856 Angliae
902 786 1120 838 ecclesia
1136 786 1219 838 vel
1235 787 1441 851 sacello,
1448 788 1608 856 juxta
1627 792 1860 839 mentem
1888 787 2091 839 Summi

189 873 484 925 Pontificis.

333 958 414 1008 Ex
439 958 711 1009 audientia
738 956 1068 1008 Sanctissimi
1095 956 1278 1008 habita
1302 959 1390 1011 die
1420 962 1485 1009 13
1512 959 1716 1021 Martii,
1748 961 1901 1010 1853.

332 1043 705 1095 Sanctissimus
731 1044 990 1095 Dominus
1023 1043 1213 1094 Noster
1238 1043 1368 1094 Pius
1403 1045 1585 1095 divina
1622 1045 1955 1111 providentia
1989 1029 2081 1095 PP

189 1131 290 1195 IX,
315 1132 583 1199 proposita
607 1148 699 1198 per
724 1130 1117 1197 infrascriptum
1145 1130 1479 1179 secretarium
1507 1129 1560 1180 S.
1589 1129 1645 1181 C.
1667 1131 1730 1180 de
1752 1130 2092 1199 Propaganda

190 1216 322 1268 Fide
384 1217 636 1268 relatione
686 1216 937 1283 descripti
987 1214 1240 1283 supplicis
1291 1215 1461 1266 libelli
1497 1232 1594 1266 nec
1643 1232 1749 1266 non
1795 1216 2094 1267 favorabilis

193 1303 300 1352 voti
327 1301 380 1353 S.
403 1300 854 1370 congregationiS,
880 1300 1106 1368 benigne
1131 1300 1187 1349 in
1209 1300 1454 1351 omnibus
1492 1301 1684 1350 annuit
1714 1301 1874 1368 juxta
1911 1302 2093 1368 petita.

190 1387 462 1439 contrariis
487 1387 909 1453 quibuscumque
933 1385 1075 1436 haud
1100 1385 1451 1437 obstantibuS.

332 1470 454 1521 Dat.
480 1486 543 1520 ex
581 1469 711 1520 Aed.
738 1468 868 1519 dict.
903 1466 957 1519 S.
998 1466 1433 1537 Congregationis
1468 1468 1533 1520 de
1573 1469 1921 1539 Propaganda
1946 1469 2095 1533 Fide,

190 1558 278 1609 die
307 1557 371 1608 16
391 1556 547 1618 Maii,
578 1556 731 1606 1853.

443 1640 621 1692 Gratis
649 1640 759 1690 sine
787 1639 896 1691 ulla
920 1640 1137 1690 omnino
1163 1638 1427 1690 solutione
1452 1639 1640 1707 quovis
1667 1640 1847 1691 titulo.

1223 1724 1308 1775 Al.
1349 1725 1632 1788 BARNABo,
1658 1742 1694 1776 a
1718 1723 1948 1777 secretis.

372 1798 434 1849 L.
472 1797 523 1849 ›1‹
560 1796 614 1849 S.

1086 1995 1211 2046 XX.

705 2131 801 2182 DE
852 2128 1080 2182 FESTO
1132 2128 1185 2180 S.
1237 2128 1583 2189 PATRITII,

495 2260 596 2298 SUB
633 2258 764 2296 RITU
803 2256 1029 2296 DUPLICI
1067 2255 1128 2294 IN
1164 2254 1375 2294 ANGLIA
1412 2255 1785 2294 CELEBRANDO.

194 2382 504 2434 Beatissime
523 2380 699 2442 Pater,

335 2474 469 2527 Cum
493 2475 680 2542 ingens
705 2472 775 2523 sit
798 2471 997 2538 ubique
1022 2474 1277 2520 terrarum
1303 2468 1472 2538 gloria
1496 2470 1747 2538 praeclari
1776 2471 2026 2539 Episcopi
2042 2475 2095 2522 et

193 2559 505 2614 confessoris
525 2557 579 2610 S.
596 2557 813 2608 Patritii
829 2557 1116 2607 Hiberniae
1135 2556 1395 2623 Apostoli,
1411 2556 1731 2623 plurimique
1752 2557 2093 2607 inveniantur

194 2645 414 2698 Hiberni
432 2645 490 2694 in
508 2642 755 2693 omnibus
773 2641 875 2692 fere
891 2640 1115 2709 Angliae
1134 2640 1648 2709 congregationibus,
1659 2641 2095 2709 Archiepiscopus

189 2729 758 2783 westmonasteriensis
783 2732 839 2778 et
863 2725 1114 2793 Episcopi
1148 2726 1390 2794 Angliae‚
1414 2727 1473 2776 in
1512 2725 1748 2778 Concilio
1786 2727 2094 2793 provinciali

191 2816 512 2886 congregati,
536 2812 836 2864 humillime
861 2810 1135 2878 postulant
1159 2814 1222 2859 ut
1248 2809 1301 2861 S.
1340 2810 1405 2860 V.
1440 2810 1669 2879 benigne
1706 2812 1956 2880 dignetur
1995 2811 2094 2862 fes-

190 2906 310 2953 tum
333 2900 567 2968 ejusdem
591 2898 660 2949 ad
684 2898 849 2947 ritum
875 2895 1103 2963 duplicis
1128 2895 1341 2963 majoris
1366 2912 1460 2962 pro
1480 2896 1677 2964 Anglia
1705 2897 1922 2948 elevare.

334 2986 417 3036 Ex
440 2984 714 3035 audientia
742 2982 1073 3033 Sanct.ssimi
1098 2980 1282 3031 habita
1307 2980 1393 3031 die
1424 2983 1488 3030 13
1509 2980 1716 3042 Martii,
1748 2983 1901 3032 1853.

329 3069 707 3131 ,Sanctissimus
742 3067 1004 3118 Dominus
1040 3066 1232 3116 Noster
1269 3064 1398 3116 Pius
1437 3067 1544 3118 div.
1582 3067 1785 3133 provid.
1826 3066 1934 3118 ΡΡ.
1971 3067 2092 3130 ΙΧ.,

189 3158 442 3209 referente
465 3172 553 3205 me
577 3154 909 3221 infrascripto
936 3151 989 3203 S.
1017 3150 1450 3221 Congregationis
1475 3153 1541 3203 de
1578 3151 1923 3221 Propaganda
1960 3153 2094 3204 Fide

191 3242 459 3294 secretario
504 3240 791 3307 descriptas
817 3255 1010 3306 preces,
1042 3254 1138 3288 nec
1176 3254 1283 3288 non
1320 3241 1506 3288 votum
1534 3237 2091 3288 Eminentissimorum

191 3327 299 3379 ΡΡ.
340 3326 394 3377 S.
429 3324 665 3390 eiusdem
704 3323 1151 3393 CongregationiS,
1189 3323 1416 3392 benigne
1459 3323 1650 3373 annuit
1685 3323 1844 3390 juxta
1894 3325 2090 3390 petita:

191 3412 462 3465 contrariis
486 3411 907 3478 quibuscumque
932 3409 1073 3459 haud
1099 3409 1445 3460 obstantibus.

331 3497 456 3548 Dat.
483 3513 546 3546 ex
570 3495 700 3546 Aed.
727 3495 902 3546 dictae
928 3493 980 3546 S.
1009 3492 1066 3545 C.
1093 3494 1158 3544 de
1184 3493 1529 3562 Propaganda
1555 3492 1706 3555 Fide,
1726 3493 1814 3544 die
1845 3495 1909 3543 14
1934 3493 2089 3556 Maii,

195 3586 516 3719 1853l3ffatis
541 3666 733 3734 absque
757 3664 867 3716 ulla
891 3664 1107 3715 omnino
1134 3664 1393 3714 solutione
1417 3680 1748 3730 quocumque
1775 3663 1953 3714 titulo.

1246 3766 1314 3818 Al
1341 3765 1622 3829 BARNABo,
1649 3782 1685 3817 a
1709 3764 1941 3819 secretis.

335 3844 397 3896 L.
423 3842 475 3892 >1⁴
502 3842 555 3894 S.
