<?xml version="1.0" encoding="UTF-8"?>
<!DOCTYPE html PUBLIC "-//W3C//DTD XHTML 1.0 Transitional//EN"
    "http://www.w3.org/TR/xhtml1/DTD/xhtml1-transitional.dtd">
<html xmlns="http://www.w3.org/1999/xhtml" xml:lang="en" lang="en">
 <head>
  <title>
</title>
<meta http-equiv="Content-Type" content="text/html;charset=utf-8" />
  <meta name='ocr-system' content='tesseract 3.04.00' />
  <meta name='ocr-capabilities' content='ocr_page ocr_carea ocr_par ocr_line ocrx_word'/>
</head>
<body>
  <div class='ocr_page' id='page_1' title='image "a613743300cathuoft_0030.png"; bbox 0 0 2514 4504; ppageno 0'>
   <div class='ocr_carea' id='block_1_1' title="bbox 322 428 1620 488">
    <p class='ocr_par' dir='ltr' id='par_1_1' title="bbox 322 428 1620 488">
     <span class='ocr_line' id='line_1_1' title="bbox 322 428 1620 488; baseline -0.007 0"><span class='ocrx_word' id='word_1_1' title='bbox 322 428 399 488; x_wconf 81' lang='lat'><strong>12</strong></span> <span class='ocrx_word' id='word_1_2' title='bbox 889 442 1051 485; x_wconf 80' lang='lat' dir='ltr'><strong>cONC.</strong></span> <span class='ocrx_word' id='word_1_3' title='bbox 1099 440 1262 483; x_wconf 81' lang='lat' dir='ltr'><strong>PRov.</strong></span> <span class='ocrx_word' id='word_1_4' title='bbox 1309 436 1537 481; x_wconf 61' lang='lat' dir='ltr'><strong>winsi-M.</strong></span> <span class='ocrx_word' id='word_1_5' title='bbox 1582 435 1620 479; x_wconf 93' lang='lat'><strong>1.</strong></span> 
     </span>
    </p>
   </div>
   <div class='ocr_carea' id='block_1_2' title="bbox 307 580 2211 1427">
    <p class='ocr_par' dir='ltr' id='par_1_2' title="bbox 308 580 2211 1083">
     <span class='ocr_line' id='line_1_2' title="bbox 456 580 2210 650; baseline -0.006 -8"><span class='ocrx_word' id='word_1_6' title='bbox 456 593 521 642; x_wconf 92' lang='lat' dir='ltr'><strong>In</strong></span> <span class='ocrx_word' id='word_1_7' title='bbox 546 592 761 642; x_wconf 78' lang='lat' dir='ltr'><strong>caeteris</strong></span> <span class='ocrx_word' id='word_1_8' title='bbox 798 590 1026 641; x_wconf 90' lang='lat' dir='ltr'><strong>ecclesiis</strong></span> <span class='ocrx_word' id='word_1_9' title='bbox 1066 605 1155 638; x_wconf 91' lang='lat' dir='ltr'><strong>seu</strong></span> <span class='ocrx_word' id='word_1_10' title='bbox 1192 586 1543 647; x_wconf 81' lang='lat' dir='ltr'><strong>missionibus,</strong></span> <span class='ocrx_word' id='word_1_11' title='bbox 1582 583 1844 650; x_wconf 88' lang='lat' dir='ltr'><strong>simplices</strong></span> <span class='ocrx_word' id='word_1_12' title='bbox 1873 580 2210 646; x_wconf 84' lang='lat' dir='ltr'><strong>missionarii,</strong></span> 
     </span>
     <span class='ocr_line' id='line_1_3' title="bbox 314 666 2211 744; baseline -0.006 -15"><span class='ocrx_word' id='word_1_13' title='bbox 314 678 381 728; x_wconf 91' lang='lat' dir='ltr'><strong>ad</strong></span> <span class='ocrx_word' id='word_1_14' title='bbox 405 683 600 728; x_wconf 91' lang='lat' dir='ltr'><strong>nutum</strong></span> <span class='ocrx_word' id='word_1_15' title='bbox 625 676 855 744; x_wconf 82' lang='lat' dir='ltr'><strong>episcopi</strong></span> <span class='ocrx_word' id='word_1_16' title='bbox 879 673 1203 735; x_wconf 79' lang='lat' dir='ltr'><strong>amovibileS,</strong></span> <span class='ocrx_word' id='word_1_17' title='bbox 1227 688 1406 721; x_wconf 85' lang='lat' dir='ltr'><strong>curam</strong></span> <span class='ocrx_word' id='word_1_18' title='bbox 1430 669 1729 720; x_wconf 90' lang='lat' dir='ltr'><strong>animarum</strong></span> <span class='ocrx_word' id='word_1_19' title='bbox 1753 666 2043 730; x_wconf 89' lang='lat' dir='ltr'><strong>habebunt,</strong></span> <span class='ocrx_word' id='word_1_20' title='bbox 2067 667 2211 718; x_wconf 80' lang='lat' dir='ltr'><strong>intra</strong></span> 
     </span>
     <span class='ocr_line' id='line_1_4' title="bbox 312 750 2208 829; baseline -0.006 -14"><span class='ocrx_word' id='word_1_21' title='bbox 312 764 510 815; x_wconf 86' lang='lat' dir='ltr'><strong>limites</strong></span> <span class='ocrx_word' id='word_1_22' title='bbox 535 763 823 829; x_wconf 89' lang='lat' dir='ltr'><strong>unicuique</strong></span> <span class='ocrx_word' id='word_1_23' title='bbox 846 759 1084 811; x_wconf 85' lang='lat' dir='ltr'><strong>missioni</strong></span> <span class='ocrx_word' id='word_1_24' title='bbox 1108 758 1176 808; x_wconf 89' lang='lat' dir='ltr'><strong>ab</strong></span> <span class='ocrx_word' id='word_1_25' title='bbox 1213 756 1456 824; x_wconf 88' lang='lat' dir='ltr'><strong>episcopo</strong></span> <span class='ocrx_word' id='word_1_26' title='bbox 1492 771 1586 823; x_wconf 88' lang='lat' dir='ltr'><strong>pro</strong></span> <span class='ocrx_word' id='word_1_27' title='bbox 1622 759 1857 820; x_wconf 90' lang='lat' dir='ltr'><strong>tempore</strong></span> <span class='ocrx_word' id='word_1_28' title='bbox 1881 750 2208 820; x_wconf 58' lang='lat' dir='ltr'><strong>assignatum</strong></span> 
     </span>
     <span class='ocr_line' id='line_1_5' title="bbox 309 836 2209 914; baseline -0.006 -16"><span class='ocrx_word' id='word_1_29' title='bbox 309 848 405 898; x_wconf 91' lang='lat' dir='ltr'><strong>ubi</strong></span> <span class='ocrx_word' id='word_1_30' title='bbox 447 864 564 898; x_wconf 89' lang='lat' dir='ltr'><strong>vero</strong></span> <span class='ocrx_word' id='word_1_31' title='bbox 608 847 874 914; x_wconf 84' lang='lat' dir='ltr'><strong>contingit</strong></span> <span class='ocrx_word' id='word_1_32' title='bbox 905 844 1077 895; x_wconf 91' lang='lat' dir='ltr'><strong>nullos</strong></span> <span class='ocrx_word' id='word_1_33' title='bbox 1119 843 1251 893; x_wconf 88' lang='lat' dir='ltr'><strong>tales</strong></span> <span class='ocrx_word' id='word_1_34' title='bbox 1275 842 1477 892; x_wconf 89' lang='lat' dir='ltr'><strong>limites</strong></span> <span class='ocrx_word' id='word_1_35' title='bbox 1518 839 1586 891; x_wconf 90' lang='lat' dir='ltr'><strong>ab</strong></span> <span class='ocrx_word' id='word_1_36' title='bbox 1627 838 1872 906; x_wconf 88' lang='lat' dir='ltr'><strong>episcopo</strong></span> <span class='ocrx_word' id='word_1_37' title='bbox 1907 836 2209 905; x_wconf 81' lang='lat' dir='ltr'><strong>designatos</strong></span> 
     </span>
     <span class='ocr_line' id='line_1_6' title="bbox 311 921 2210 995; baseline -0.007 -11"><span class='ocrx_word' id='word_1_38' title='bbox 311 950 433 995; x_wconf 90' lang='lat' dir='ltr'><strong>esse,</strong></span> <span class='ocrx_word' id='word_1_39' title='bbox 472 932 714 983; x_wconf 87' lang='lat' dir='ltr'><strong>volumus</strong></span> <span class='ocrx_word' id='word_1_40' title='bbox 755 930 987 981; x_wconf 89' lang='lat' dir='ltr'><strong>mediam</strong></span> <span class='ocrx_word' id='word_1_41' title='bbox 1025 929 1355 990; x_wconf 70' lang='lat' dir='ltr'><strong>distantiam,</strong></span> <span class='ocrx_word' id='word_1_42' title='bbox 1389 929 1651 994; x_wconf 89' lang='lat' dir='ltr'><strong>quantum</strong></span> <span class='ocrx_word' id='word_1_43' title='bbox 1687 922 1803 974; x_wconf 90' lang='lat' dir='ltr'><strong>fieri</strong></span> <span class='ocrx_word' id='word_1_44' title='bbox 1837 924 2031 989; x_wconf 87' lang='lat' dir='ltr'><strong>potest,</strong></span> <span class='ocrx_word' id='word_1_45' title='bbox 2066 921 2210 973; x_wconf 88' lang='lat' dir='ltr'><strong>inter</strong></span> 
     </span>
     <span class='ocr_line' id='line_1_7' title="bbox 308 1007 2174 1083; baseline -0.006 -14"><span class='ocrx_word' id='word_1_46' title='bbox 308 1018 549 1070; x_wconf 87' lang='lat' dir='ltr'><strong>ecclesias</strong></span> <span class='ocrx_word' id='word_1_47' title='bbox 573 1017 863 1079; x_wconf 80' lang='lat' dir='ltr'><strong>vicinioreS,</strong></span> <span class='ocrx_word' id='word_1_48' title='bbox 887 1032 980 1083; x_wconf 92' lang='lat' dir='ltr'><strong>pro</strong></span> <span class='ocrx_word' id='word_1_49' title='bbox 1005 1013 1268 1065; x_wconf 86' lang='lat' dir='ltr'><strong>limitibus</strong></span> <span class='ocrx_word' id='word_1_50' title='bbox 1290 1013 1431 1063; x_wconf 91' lang='lat' dir='ltr'><strong>inter</strong></span> <span class='ocrx_word' id='word_1_51' title='bbox 1454 1012 1593 1079; x_wconf 90' lang='lat' dir='ltr'><strong>ipsas</strong></span> <span class='ocrx_word' id='word_1_52' title='bbox 1617 1010 1888 1061; x_wconf 80' lang='lat' dir='ltr'><strong>missiones</strong></span> <span class='ocrx_word' id='word_1_53' title='bbox 1910 1007 2110 1060; x_wconf 88' lang='lat' dir='ltr'><strong>haberi.</strong></span> <span class='ocrx_word' id='word_1_54' title='bbox 2169 1013 2174 1017; x_wconf 82' lang='grc'><strong>”</strong></span> 
     </span>
    </p>

    <p class='ocr_par' dir='ltr' id='par_1_3' title="bbox 307 1093 2208 1427">
     <span class='ocr_line' id='line_1_8' title="bbox 454 1093 2208 1167; baseline -0.006 -13"><span class='ocrx_word' id='word_1_55' title='bbox 454 1103 503 1154; x_wconf 90' lang='grc'><strong>6.</strong></span> <span class='ocrx_word' id='word_1_56' title='bbox 554 1101 705 1162; x_wconf 80' lang='lat' dir='ltr'><strong>Quod</strong></span> <span class='ocrx_word' id='word_1_57' title='bbox 742 1102 785 1152; x_wconf 91' lang='lat' dir='ltr'><strong>si</strong></span> <span class='ocrx_word' id='word_1_58' title='bbox 822 1101 927 1152; x_wconf 93' lang='lat' dir='ltr'><strong>duo</strong></span> <span class='ocrx_word' id='word_1_59' title='bbox 963 1100 1047 1151; x_wconf 89' lang='lat' dir='ltr'><strong>vel</strong></span> <span class='ocrx_word' id='word_1_60' title='bbox 1084 1099 1259 1167; x_wconf 88' lang='lat' dir='ltr'><strong>plures</strong></span> <span class='ocrx_word' id='word_1_61' title='bbox 1301 1099 1411 1149; x_wconf 85' lang='lat' dir='ltr'><strong>sint</strong></span> <span class='ocrx_word' id='word_1_62' title='bbox 1452 1097 1744 1148; x_wconf 72' lang='lat' dir='ltr'><strong>sacerdotes</strong></span> <span class='ocrx_word' id='word_1_63' title='bbox 1786 1095 1845 1145; x_wconf 91' lang='lat' dir='ltr'><strong>in</strong></span> <span class='ocrx_word' id='word_1_64' title='bbox 1868 1094 2053 1146; x_wconf 90' lang='lat' dir='ltr'><strong>eadem</strong></span> <span class='ocrx_word' id='word_1_65' title='bbox 2077 1093 2208 1145; x_wconf 86' lang='lat' dir='ltr'><strong>mis·-</strong></span> 
     </span>
     <span class='ocr_line' id='line_1_9' title="bbox 309 1177 2207 1252; baseline -0.005 -14"><span class='ocrx_word' id='word_1_66' title='bbox 309 1187 469 1250; x_wconf 89' lang='lat' dir='ltr'><strong>sione,</strong></span> <span class='ocrx_word' id='word_1_67' title='bbox 511 1186 850 1249; x_wconf 83' lang='lat' dir='ltr'><strong>decernimuS,</strong></span> <span class='ocrx_word' id='word_1_68' title='bbox 893 1202 1060 1236; x_wconf 89' lang='lat' dir='ltr'><strong>unum</strong></span> <span class='ocrx_word' id='word_1_69' title='bbox 1101 1188 1357 1252; x_wconf 89' lang='lat' dir='ltr'><strong>tanquam</strong></span> <span class='ocrx_word' id='word_1_70' title='bbox 1395 1184 1630 1251; x_wconf 90' lang='lat' dir='ltr'><strong>primum</strong></span> <span class='ocrx_word' id='word_1_71' title='bbox 1667 1179 2071 1250; x_wconf 89' lang='lat' dir='ltr'><strong>designandum,</strong></span> <span class='ocrx_word' id='word_1_72' title='bbox 2108 1177 2207 1246; x_wconf 86' lang='lat' dir='ltr'><strong>qui</strong></span> 
     </span>
     <span class='ocr_line' id='line_1_10' title="bbox 308 1265 2207 1342; baseline -0.004 -20"><span class='ocrx_word' id='word_1_73' title='bbox 308 1276 457 1342; x_wconf 85' lang='lat' dir='ltr'><strong>gerat</strong></span> <span class='ocrx_word' id='word_1_74' title='bbox 481 1288 659 1322; x_wconf 86' lang='lat' dir='ltr'><strong>curam</strong></span> <span class='ocrx_word' id='word_1_75' title='bbox 683 1270 981 1321; x_wconf 88' lang='lat' dir='ltr'><strong>animarum</strong></span> <span class='ocrx_word' id='word_1_76' title='bbox 1016 1273 1074 1321; x_wconf 91' lang='lat' dir='ltr'><strong>et</strong></span> <span class='ocrx_word' id='word_1_77' title='bbox 1106 1268 1624 1320; x_wconf 69' lang='lat' dir='ltr'><strong>administrationem</strong></span> <span class='ocrx_word' id='word_1_78' title='bbox 1661 1265 1928 1330; x_wconf 85' lang='lat' dir='ltr'><strong>ecclesiae,</strong></span> <span class='ocrx_word' id='word_1_79' title='bbox 1951 1280 2047 1316; x_wconf 89' lang='lat' dir='ltr'><strong>seu</strong></span> <span class='ocrx_word' id='word_1_80' title='bbox 2080 1279 2207 1316; x_wconf 85' lang='lat' dir='ltr'><strong>con·-</strong></span> 
     </span>
     <span class='ocr_line' id='line_1_11' title="bbox 307 1356 645 1427; baseline 0 -20"><span class='ocrx_word' id='word_1_81' title='bbox 307 1356 645 1427; x_wconf 81' lang='lat' dir='ltr'><strong>gregationiS.</strong></span> 
     </span>
    </p>
   </div>
   <div class='ocr_carea' id='block_1_3' title="bbox 946 1484 1550 1538">
    <p class='ocr_par' dir='ltr' id='par_1_4' title="bbox 946 1484 1550 1538">
     <span class='ocr_line' id='line_1_12' title="bbox 946 1484 1550 1538; baseline -0.002 0"><span class='ocrx_word' id='word_1_82' title='bbox 946 1484 1351 1538; x_wconf 82' lang='lat' dir='ltr'><strong>DEGRETUM</strong></span> <span class='ocrx_word' id='word_1_83' title='bbox 1399 1484 1550 1537; x_wconf 87' lang='lat' dir='ltr'>XIV.</span> 
     </span>
    </p>
   </div>
   <div class='ocr_carea' id='block_1_4' title="bbox 295 1601 2209 3851">
    <p class='ocr_par' dir='ltr' id='par_1_5' title="bbox 390 1601 2128 1747">
     <span class='ocr_line' id='line_1_13' title="bbox 390 1601 2128 1678; baseline -0.002 -14"><span class='ocrx_word' id='word_1_84' title='bbox 390 1611 472 1664; x_wconf 76' lang='lat' dir='ltr'><strong>De</strong></span> <span class='ocrx_word' id='word_1_85' title='bbox 528 1609 768 1664; x_wconf 69' lang='lat' dir='ltr'><strong>Vicariis</strong></span> <span class='ocrx_word' id='word_1_86' title='bbox 819 1608 1195 1672; x_wconf 69' lang='lat' dir='ltr'><strong>Generalibm,</strong></span> <span class='ocrx_word' id='word_1_87' title='bbox 1230 1607 1473 1678; x_wconf 70' lang='lat' dir='ltr'><strong>aliisque</strong></span> <span class='ocrx_word' id='word_1_88' title='bbox 1518 1604 1787 1661; x_wconf 74' lang='lat' dir='ltr'><strong>Persom&#39;e</strong></span> <span class='ocrx_word' id='word_1_89' title='bbox 1832 1601 2128 1677; x_wconf 68' lang='lat' dir='ltr'><strong>Reqwnwvi</strong></span> 
     </span>
     <span class='ocr_line' id='line_1_14' title="bbox 908 1691 1576 1747; baseline -0.003 0"><span class='ocrx_word' id='word_1_90' title='bbox 908 1693 1282 1747; x_wconf 74' lang='lat' dir='ltr'><strong>Ecclesiastico</strong></span> <span class='ocrx_word' id='word_1_91' title='bbox 1317 1691 1576 1747; x_wconf 71' lang='lat' dir='ltr'><strong>addictis.</strong></span> 
     </span>
    </p>

    <p class='ocr_par' dir='ltr' id='par_1_6' title="bbox 303 1816 2207 2233">
     <span class='ocr_line' id='line_1_15' title="bbox 452 1816 2206 1887; baseline -0.002 -14"><span class='ocrx_word' id='word_1_92' title='bbox 452 1824 500 1875; x_wconf 88' lang='lat'><strong>1.</strong></span> <span class='ocrx_word' id='word_1_93' title='bbox 551 1821 810 1874; x_wconf 87' lang='lat' dir='ltr'><strong>Convenit</strong></span> <span class='ocrx_word' id='word_1_94' title='bbox 844 1824 909 1871; x_wconf 92' lang='lat' dir='ltr'><strong>ut</strong></span> <span class='ocrx_word' id='word_1_95' title='bbox 945 1820 1003 1870; x_wconf 89' lang='lat' dir='ltr'><strong>in</strong></span> <span class='ocrx_word' id='word_1_96' title='bbox 1040 1836 1356 1887; x_wconf 88' lang='lat' dir='ltr'><strong>unaquaque</strong></span> <span class='ocrx_word' id='word_1_97' title='bbox 1381 1819 1605 1870; x_wconf 90' lang='lat' dir='ltr'><strong>dioecesi</strong></span> <span class='ocrx_word' id='word_1_98' title='bbox 1641 1818 1946 1870; x_wconf 88' lang='lat' dir='ltr'><strong>nominetur</strong></span> <span class='ocrx_word' id='word_1_99' title='bbox 1975 1816 2206 1870; x_wconf 76' lang='lat' dir='ltr'><strong>vicarius</strong></span> 
     </span>
     <span class='ocr_line' id='line_1_16' title="bbox 304 1904 2204 1978; baseline -0.003 -19"><span class='ocrx_word' id='word_1_100' title='bbox 304 1907 577 1978; x_wconf 87' lang='lat' dir='ltr'><strong>generalis,</strong></span> <span class='ocrx_word' id='word_1_101' title='bbox 620 1907 707 1957; x_wconf 92' lang='lat' dir='ltr'><strong>cui</strong></span> <span class='ocrx_word' id='word_1_102' title='bbox 770 1923 860 1973; x_wconf 92' lang='lat' dir='ltr'><strong>per</strong></span> <span class='ocrx_word' id='word_1_103' title='bbox 908 1905 1102 1974; x_wconf 88' lang='lat' dir='ltr'><strong>scripta</strong></span> <span class='ocrx_word' id='word_1_104' title='bbox 1150 1905 1473 1972; x_wconf 79' lang='lat' dir='ltr'><strong>delegandae</strong></span> <span class='ocrx_word' id='word_1_105' title='bbox 1521 1908 1676 1955; x_wconf 87' lang='lat' dir='ltr'><strong>erunt</strong></span> <span class='ocrx_word' id='word_1_106' title='bbox 1723 1904 2022 1967; x_wconf 81' lang='lat' dir='ltr'><strong>facultateS,</strong></span> <span class='ocrx_word' id='word_1_107' title='bbox 2069 1919 2204 1972; x_wconf 82' lang='lat' dir='ltr'><strong>quae</strong></span> 
     </span>
     <span class='ocr_line' id='line_1_17' title="bbox 304 1987 2207 2061; baseline -0.002 -17"><span class='ocrx_word' id='word_1_108' title='bbox 304 1995 546 2061; x_wconf 89' lang='lat' dir='ltr'><strong>episcopo</strong></span> <span class='ocrx_word' id='word_1_109' title='bbox 607 1993 747 2042; x_wconf 90' lang='lat' dir='ltr'><strong>visae</strong></span> <span class='ocrx_word' id='word_1_110' title='bbox 808 1992 1039 2052; x_wconf 84' lang='lat' dir='ltr'><strong>fuerint3</strong></span> <span class='ocrx_word' id='word_1_111' title='bbox 1101 1991 1315 2058; x_wconf 91' lang='lat' dir='ltr'><strong>quique,</strong></span> <span class='ocrx_word' id='word_1_112' title='bbox 1364 2006 1425 2040; x_wconf 91' lang='lat' dir='ltr'><strong>eo</strong></span> <span class='ocrx_word' id='word_1_113' title='bbox 1484 1989 1720 2054; x_wconf 86' lang='lat' dir='ltr'><strong>absente,</strong></span> <span class='ocrx_word' id='word_1_114' title='bbox 1779 1990 1865 2042; x_wconf 91' lang='lat' dir='ltr'><strong>vel</strong></span> <span class='ocrx_word' id='word_1_115' title='bbox 1922 1987 2207 2059; x_wconf 65' lang='lat' dir='ltr'><strong>impedite,</strong></span> 
     </span>
     <span class='ocr_line' id='line_1_18' title="bbox 303 2073 2205 2148; baseline -0.003 -19"><span class='ocrx_word' id='word_1_116' title='bbox 303 2077 532 2148; x_wconf 87' lang='lat' dir='ltr'><strong>negotiis</strong></span> <span class='ocrx_word' id='word_1_117' title='bbox 579 2075 946 2127; x_wconf 89' lang='lat' dir='ltr'><strong>ecclesiasticis</strong></span> <span class='ocrx_word' id='word_1_118' title='bbox 987 2076 1155 2144; x_wconf 89' lang='lat' dir='ltr'><strong>possit</strong></span> <span class='ocrx_word' id='word_1_119' title='bbox 1195 2076 1485 2144; x_wconf 89' lang='lat' dir='ltr'><strong>providere,</strong></span> <span class='ocrx_word' id='word_1_120' title='bbox 1528 2075 1681 2143; x_wconf 90' lang='lat' dir='ltr'><strong>eique</strong></span> <span class='ocrx_word' id='word_1_121' title='bbox 1728 2075 2102 2144; x_wconf 85' lang='lat' dir='ltr'><strong>adjumentum</strong></span> <span class='ocrx_word' id='word_1_122' title='bbox 2142 2073 2205 2126; x_wconf 85' lang='lat' dir='ltr'><strong>in.</strong></span> 
     </span>
     <span class='ocr_line' id='line_1_19' title="bbox 303 2161 1072 2233; baseline -0.007 -17"><span class='ocrx_word' id='word_1_123' title='bbox 303 2164 530 2233; x_wconf 90' lang='lat' dir='ltr'><strong>regenda</strong></span> <span class='ocrx_word' id='word_1_124' title='bbox 554 2162 791 2213; x_wconf 84' lang='lat' dir='ltr'><strong>Ecclesia</strong></span> <span class='ocrx_word' id='word_1_125' title='bbox 814 2161 1072 2230; x_wconf 91' lang='lat' dir='ltr'><strong>praebere.</strong></span> 
     </span>
    </p>

    <p class='ocr_par' dir='ltr' id='par_1_7' title="bbox 295 2246 2209 2656">
     <span class='ocr_line' id='line_1_20' title="bbox 445 2246 2203 2316; baseline 0.001 -18"><span class='ocrx_word' id='word_1_126' title='bbox 445 2252 496 2300; x_wconf 87' lang='lat'><strong>2.</strong></span> <span class='ocrx_word' id='word_1_127' title='bbox 547 2247 760 2298; x_wconf 86' lang='lat' dir='ltr'><strong>Praeter</strong></span> <span class='ocrx_word' id='word_1_128' title='bbox 801 2247 1059 2298; x_wconf 85' lang='lat' dir='ltr'><strong>vicarium</strong></span> <span class='ocrx_word' id='word_1_129' title='bbox 1108 2246 1421 2316; x_wconf 87' lang='lat' dir='ltr'><strong>generalem,</strong></span> <span class='ocrx_word' id='word_1_130' title='bbox 1468 2247 1667 2315; x_wconf 87' lang='lat' dir='ltr'><strong>poterit</strong></span> <span class='ocrx_word' id='word_1_131' title='bbox 1715 2247 1988 2315; x_wconf 88' lang='lat' dir='ltr'><strong>episcopus</strong></span> <span class='ocrx_word' id='word_1_132' title='bbox 2035 2246 2203 2299; x_wconf 84' lang='lat' dir='ltr'><strong>etiam</strong></span> 
     </span>
     <span class='ocr_line' id='line_1_21' title="bbox 302 2330 2203 2402; baseline 0 -18"><span class='ocrx_word' id='word_1_133' title='bbox 302 2333 432 2385; x_wconf 86' lang='lat' dir='ltr'><strong>alios</strong></span> <span class='ocrx_word' id='word_1_134' title='bbox 455 2331 691 2384; x_wconf 67' lang='lat' dir='ltr'><strong>vicarios</strong></span> <span class='ocrx_word' id='word_1_135' title='bbox 705 2330 988 2399; x_wconf 73' lang='lat' dir='ltr'><strong>foraneos,</strong></span> <span class='ocrx_word' id='word_1_136' title='bbox 1012 2349 1123 2397; x_wconf 90' lang='lat' dir='ltr'><strong>seu,</strong></span> <span class='ocrx_word' id='word_1_137' title='bbox 1146 2336 1306 2400; x_wconf 93' lang='lat' dir='ltr'><strong>prout</strong></span> <span class='ocrx_word' id='word_1_138' title='bbox 1328 2333 1387 2383; x_wconf 90' lang='lat' dir='ltr'><strong>in</strong></span> <span class='ocrx_word' id='word_1_139' title='bbox 1410 2333 1606 2402; x_wconf 88' lang='lat' dir='ltr'><strong>Anglia</strong></span> <span class='ocrx_word' id='word_1_140' title='bbox 1628 2332 1924 2401; x_wconf 84' lang='lat' dir='ltr'><strong>nuncupari</strong></span> <span class='ocrx_word' id='word_1_141' title='bbox 1947 2331 2203 2397; x_wconf 86' lang='lat' dir='ltr'><strong>solebant,</strong></span> 
     </span>
     <span class='ocr_line' id='line_1_22' title="bbox 304 2414 2202 2487; baseline 0 -17"><span class='ocrx_word' id='word_1_142' title='bbox 304 2423 360 2471; x_wconf 87' lang='lat' dir='ltr'><strong>et</strong></span> <span class='ocrx_word' id='word_1_143' title='bbox 381 2436 523 2469; x_wconf 91' lang='lat' dir='ltr'><strong>nunc</strong></span> <span class='ocrx_word' id='word_1_144' title='bbox 547 2417 751 2487; x_wconf 86' lang='lat' dir='ltr'><strong>vulgari</strong></span> <span class='ocrx_word' id='word_1_145' title='bbox 778 2434 1010 2470; x_wconf 91' lang='lat' dir='ltr'><strong>sermone</strong></span> <span class='ocrx_word' id='word_1_146' title='bbox 1029 2418 1279 2469; x_wconf 89' lang='lat' dir='ltr'><strong>dicuntur</strong></span> <span class='ocrx_word' id='word_1_147' title='bbox 1302 2415 1466 2469; x_wconf 63' lang='grc' dir='ltr'><em>φωναὶ</em></span> <span class='ocrx_word' id='word_1_148' title='bbox 1490 2416 1663 2469; x_wconf 72' lang='lat' dir='ltr'><strong>deam</strong></span> <span class='ocrx_word' id='word_1_149' title='bbox 1682 2415 1943 2486; x_wconf 67' lang='lat' dir='ltr'><strong>(decanos</strong></span> <span class='ocrx_word' id='word_1_150' title='bbox 1955 2414 2202 2487; x_wconf 70' lang='lat' dir='ltr'><strong>rurales)</strong></span> 
     </span>
     <span class='ocr_line' id='line_1_23' title="bbox 301 2502 2209 2572; baseline 0 -18"><span class='ocrx_word' id='word_1_151' title='bbox 301 2504 589 2567; x_wconf 89' lang='lat' dir='ltr'><strong>nominare,</strong></span> <span class='ocrx_word' id='word_1_152' title='bbox 625 2521 748 2554; x_wconf 92' lang='lat' dir='ltr'><strong>cum</strong></span> <span class='ocrx_word' id='word_1_153' title='bbox 784 2504 1113 2572; x_wconf 87' lang='lat' dir='ltr'><strong>delegatione</strong></span> <span class='ocrx_word' id='word_1_154' title='bbox 1152 2503 1347 2571; x_wconf 89' lang='lat' dir='ltr'><strong>scripta</strong></span> <span class='ocrx_word' id='word_1_155' title='bbox 1382 2503 1745 2571; x_wconf 83' lang='lat' dir='ltr'><strong>quarumdem,</strong></span> <span class='ocrx_word' id='word_1_156' title='bbox 1787 2519 1918 2571; x_wconf 84' lang='lat' dir='ltr'><strong>quas</strong></span> <span class='ocrx_word' id='word_1_157' title='bbox 1955 2502 2209 2571; x_wconf 76' lang='lat' dir='ltr'><strong>expedire·</strong></span> 
     </span>
     <span class='ocr_line' id='line_1_24' title="bbox 295 2588 2194 2656; baseline 0 -17"><span class='ocrx_word' id='word_1_158' title='bbox 295 2589 632 2656; x_wconf 87' lang='lat' dir='ltr'><strong>judicaverit,</strong></span> <span class='ocrx_word' id='word_1_159' title='bbox 655 2588 991 2652; x_wconf 88' lang='lat' dir='ltr'><strong>facultatum,</strong></span> <span class='ocrx_word' id='word_1_160' title='bbox 1014 2589 1074 2639; x_wconf 92' lang='lat' dir='ltr'><strong>in</strong></span> <span class='ocrx_word' id='word_1_161' title='bbox 1098 2592 1240 2640; x_wconf 91' lang='lat' dir='ltr'><strong>certo</strong></span> <span class='ocrx_word' id='word_1_162' title='bbox 1263 2589 1492 2656; x_wconf 92' lang='lat' dir='ltr'><strong>quodam</strong></span> <span class='ocrx_word' id='word_1_163' title='bbox 1512 2589 1760 2640; x_wconf 91' lang='lat' dir='ltr'><strong>districtu</strong></span> <span class='ocrx_word' id='word_1_164' title='bbox 1777 2588 2194 2640; x_wconf 83' lang='lat' dir='ltr'><strong>exercendarum.</strong></span> 
     </span>
    </p>

    <p class='ocr_par' dir='ltr' id='par_1_8' title="bbox 302 2673 2199 3168">
     <span class='ocr_line' id='line_1_25' title="bbox 443 2673 2195 2742; baseline 0 -18"><span class='ocrx_word' id='word_1_165' title='bbox 443 2677 493 2724; x_wconf 88' lang='lat'><strong>3.</strong></span> <span class='ocrx_word' id='word_1_166' title='bbox 543 2673 742 2725; x_wconf 88' lang='lat' dir='ltr'><strong>Vicarii</strong></span> <span class='ocrx_word' id='word_1_167' title='bbox 781 2675 979 2726; x_wconf 87' lang='lat' dir='ltr'><strong>foranei</strong></span> <span class='ocrx_word' id='word_1_168' title='bbox 1023 2675 1125 2725; x_wconf 92' lang='lat' dir='ltr'><strong>erit</strong></span> <span class='ocrx_word' id='word_1_169' title='bbox 1165 2674 1458 2742; x_wconf 86' lang='lat' dir='ltr'><strong>praesidere</strong></span> <span class='ocrx_word' id='word_1_170' title='bbox 1500 2674 1866 2738; x_wconf 79' lang='lat' dir='ltr'><strong>conventibuS,</strong></span> <span class='ocrx_word' id='word_1_171' title='bbox 1909 2673 1994 2726; x_wconf 86' lang='lat' dir='ltr'><strong>vel</strong></span> <span class='ocrx_word' id='word_1_172' title='bbox 2036 2673 2195 2725; x_wconf 87' lang='lat' dir='ltr'><strong>colla-</strong></span> 
     </span>
     <span class='ocr_line' id='line_1_26' title="bbox 303 2759 2193 2830; baseline -0.001 -21"><span class='ocrx_word' id='word_1_173' title='bbox 303 2759 537 2810; x_wconf 87' lang='lat' dir='ltr'><strong>tionibus</strong></span> <span class='ocrx_word' id='word_1_174' title='bbox 575 2760 641 2810; x_wconf 92' lang='lat' dir='ltr'><strong>de</strong></span> <span class='ocrx_word' id='word_1_175' title='bbox 676 2759 881 2811; x_wconf 89' lang='lat' dir='ltr'><strong>casibus</strong></span> <span class='ocrx_word' id='word_1_176' title='bbox 922 2759 1207 2811; x_wconf 82' lang='lat' dir='ltr'><strong>moralibus</strong></span> <span class='ocrx_word' id='word_1_177' title='bbox 1244 2776 1335 2821; x_wconf 89' lang='lat' dir='ltr'><strong>seu</strong></span> <span class='ocrx_word' id='word_1_178' title='bbox 1376 2759 1662 2830; x_wconf 87' lang='lat' dir='ltr'><strong>liturgicis,</strong></span> <span class='ocrx_word' id='word_1_179' title='bbox 1697 2761 1770 2812; x_wconf 20' lang='lat' dir='ltr'><strong>in*</strong></span> <span class='ocrx_word' id='word_1_180' title='bbox 1791 2759 2052 2811; x_wconf 85' lang='lat' dir='ltr'><strong>territorio</strong></span> <span class='ocrx_word' id='word_1_181' title='bbox 2095 2759 2193 2811; x_wconf 87' lang='lat' dir='ltr'><strong>sibi</strong></span> 
     </span>
     <span class='ocr_line' id='line_1_27' title="bbox 302 2843 2197 2914; baseline 0.001 -21"><span class='ocrx_word' id='word_1_182' title='bbox 302 2844 635 2907; x_wconf 82' lang='lat' dir='ltr'><strong>demandatO,</strong></span> <span class='ocrx_word' id='word_1_183' title='bbox 675 2843 898 2895; x_wconf 88' lang='lat' dir='ltr'><strong>infirmis</strong></span> <span class='ocrx_word' id='word_1_184' title='bbox 947 2845 1298 2896; x_wconf 88' lang='lat' dir='ltr'><strong>sacerdotibus</strong></span> <span class='ocrx_word' id='word_1_185' title='bbox 1345 2862 1523 2896; x_wconf 91' lang='lat' dir='ltr'><strong>curam</strong></span> <span class='ocrx_word' id='word_1_186' title='bbox 1571 2846 1892 2914; x_wconf 90' lang='lat' dir='ltr'><strong>impendere,</strong></span> <span class='ocrx_word' id='word_1_187' title='bbox 1939 2845 2197 2897; x_wconf 88' lang='lat' dir='ltr'><strong>bonorum</strong></span> 
     </span>
     <span class='ocr_line' id='line_1_28' title="bbox 302 2928 2199 2999; baseline 0.001 -21"><span class='ocrx_word' id='word_1_188' title='bbox 302 2928 769 2980; x_wconf 90' lang='lat' dir='ltr'><strong>ecclesiasticorum</strong></span> <span class='ocrx_word' id='word_1_189' title='bbox 829 2929 1277 2981; x_wconf 86' lang='lat' dir='ltr'><strong>administrationi</strong></span> <span class='ocrx_word' id='word_1_190' title='bbox 1336 2931 1633 2999; x_wconf 87' lang='lat' dir='ltr'><strong>invigilare,</strong></span> <span class='ocrx_word' id='word_1_191' title='bbox 1693 2947 1872 2982; x_wconf 89' lang='lat' dir='ltr'><strong>curare</strong></span> <span class='ocrx_word' id='word_1_192' title='bbox 1930 2934 1996 2981; x_wconf 90' lang='lat' dir='ltr'><strong>ut</strong></span> <span class='ocrx_word' id='word_1_193' title='bbox 2055 2946 2199 2981; x_wconf 84' lang='lat' dir='ltr'><strong>sacra</strong></span> 
     </span>
     <span class='ocr_line' id='line_1_29' title="bbox 302 3012 2192 3086; baseline 0.002 -24"><span class='ocrx_word' id='word_1_194' title='bbox 302 3012 542 3063; x_wconf 89' lang='lat' dir='ltr'><strong>aedificia</strong></span> <span class='ocrx_word' id='word_1_195' title='bbox 566 3018 703 3064; x_wconf 91' lang='lat' dir='ltr'><strong>sarta</strong></span> <span class='ocrx_word' id='word_1_196' title='bbox 738 3018 880 3065; x_wconf 85' lang='lat' dir='ltr'><strong>tecta</strong></span> <span class='ocrx_word' id='word_1_197' title='bbox 916 3020 1199 3078; x_wconf 87' lang='lat' dir='ltr'><strong>serventur,</strong></span> <span class='ocrx_word' id='word_1_198' title='bbox 1235 3033 1296 3067; x_wconf 78' lang='lat' dir='ltr'><strong>ac</strong></span> <span class='ocrx_word' id='word_1_199' title='bbox 1330 3017 1572 3085; x_wconf 90' lang='lat' dir='ltr'><strong>episcopo</strong></span> <span class='ocrx_word' id='word_1_200' title='bbox 1609 3033 1702 3068; x_wconf 91' lang='lat' dir='ltr'><strong>seu</strong></span> <span class='ocrx_word' id='word_1_201' title='bbox 1736 3017 1931 3069; x_wconf 81' lang='lat' dir='ltr'><strong>vicario</strong></span> <span class='ocrx_word' id='word_1_202' title='bbox 1962 3014 2192 3086; x_wconf 90' lang='lat' dir='ltr'><strong>generali</strong></span> 
     </span>
     <span class='ocr_line' id='line_1_30' title="bbox 303 3099 1210 3168; baseline 0.003 -20"><span class='ocrx_word' id='word_1_203' title='bbox 303 3115 435 3166; x_wconf 90' lang='lat' dir='ltr'><strong>quae</strong></span> <span class='ocrx_word' id='word_1_204' title='bbox 459 3099 772 3157; x_wconf 88' lang='lat' dir='ltr'><strong>correctione</strong></span> <span class='ocrx_word' id='word_1_205' title='bbox 795 3102 986 3168; x_wconf 89' lang='lat' dir='ltr'><strong>egeant</strong></span> <span class='ocrx_word' id='word_1_206' title='bbox 1008 3100 1210 3151; x_wconf 86' lang='lat' dir='ltr'><strong>referre.</strong></span> 
     </span>
    </p>

    <p class='ocr_par' dir='ltr' id='par_1_9' title="bbox 300 3171 2191 3676">
     <span class='ocr_line' id='line_1_31' title="bbox 445 3171 2191 3254; baseline 0.003 -22"><span class='ocrx_word' id='word_1_207' title='bbox 445 3185 495 3233; x_wconf 89' lang='lat'><strong>4.</strong></span> <span class='ocrx_word' id='word_1_208' title='bbox 545 3171 780 3250; x_wconf 59' lang='lat' dir='ltr'><strong>Expedit</strong></span> <span class='ocrx_word' id='word_1_209' title='bbox 802 3187 1085 3250; x_wconf 88' lang='lat' dir='ltr'><strong>praeterea,</strong></span> <span class='ocrx_word' id='word_1_210' title='bbox 1110 3188 1174 3234; x_wconf 89' lang='lat' dir='ltr'><strong>ut</strong></span> <span class='ocrx_word' id='word_1_211' title='bbox 1199 3185 1473 3253; x_wconf 88' lang='lat' dir='ltr'><strong>episcopus</strong></span> <span class='ocrx_word' id='word_1_212' title='bbox 1497 3186 1634 3237; x_wconf 90' lang='lat' dir='ltr'><strong>viros</strong></span> <span class='ocrx_word' id='word_1_213' title='bbox 1669 3186 1970 3254; x_wconf 78' lang='lat' dir='ltr'><strong>prudenteS,</strong></span> <span class='ocrx_word' id='word_1_214' title='bbox 1995 3187 2105 3237; x_wconf 87' lang='lat' dir='ltr'><strong>sive</strong></span> <span class='ocrx_word' id='word_1_215' title='bbox 2128 3186 2191 3238; x_wconf 91' lang='lat' dir='ltr'><strong>de</strong></span> 
     </span>
     <span class='ocr_line' id='line_1_32' title="bbox 303 3267 2190 3339; baseline 0.003 -21"><span class='ocrx_word' id='word_1_216' title='bbox 303 3267 501 3336; x_wconf 91' lang='lat' dir='ltr'><strong>gremio</strong></span> <span class='ocrx_word' id='word_1_217' title='bbox 537 3267 778 3334; x_wconf 88' lang='lat' dir='ltr'><strong>capituli,</strong></span> <span class='ocrx_word' id='word_1_218' title='bbox 804 3269 911 3318; x_wconf 87' lang='lat' dir='ltr'><strong>sive</strong></span> <span class='ocrx_word' id='word_1_219' title='bbox 953 3269 1019 3318; x_wconf 91' lang='lat' dir='ltr'><strong>de</strong></span> <span class='ocrx_word' id='word_1_220' title='bbox 1055 3268 1207 3332; x_wconf 89' lang='lat' dir='ltr'><strong>cler0,</strong></span> <span class='ocrx_word' id='word_1_221' title='bbox 1241 3269 1423 3339; x_wconf 85' lang='lat' dir='ltr'><strong>eligat,</strong></span> <span class='ocrx_word' id='word_1_222' title='bbox 1458 3275 1523 3322; x_wconf 92' lang='lat' dir='ltr'><strong>ut</strong></span> <span class='ocrx_word' id='word_1_223' title='bbox 1558 3272 1735 3338; x_wconf 90' lang='lat' dir='ltr'><strong>ipsum</strong></span> <span class='ocrx_word' id='word_1_224' title='bbox 1770 3272 1830 3322; x_wconf 91' lang='lat' dir='ltr'><strong>in</strong></span> <span class='ocrx_word' id='word_1_225' title='bbox 1857 3271 2190 3323; x_wconf 87' lang='lat' dir='ltr'><strong>administra-</strong></span> 
     </span>
     <span class='ocr_line' id='line_1_33' title="bbox 302 3351 2190 3420; baseline 0.004 -19"><span class='ocrx_word' id='word_1_226' title='bbox 302 3352 446 3402; x_wconf 90' lang='lat' dir='ltr'><strong>tione</strong></span> <span class='ocrx_word' id='word_1_227' title='bbox 494 3351 773 3418; x_wconf 86' lang='lat' dir='ltr'><strong>temporali</strong></span> <span class='ocrx_word' id='word_1_228' title='bbox 822 3351 1112 3403; x_wconf 90' lang='lat' dir='ltr'><strong>dioeceseos</strong></span> <span class='ocrx_word' id='word_1_229' title='bbox 1163 3353 1434 3420; x_wconf 86' lang='lat' dir='ltr'><strong>adjuvent.</strong></span> <span class='ocrx_word' id='word_1_230' title='bbox 1507 3355 1713 3406; x_wconf 91' lang='lat' dir='ltr'><strong>Horum</strong></span> <span class='ocrx_word' id='word_1_231' title='bbox 1763 3356 2042 3407; x_wconf 90' lang='lat' dir='ltr'><strong>consilium</strong></span> <span class='ocrx_word' id='word_1_232' title='bbox 2090 3357 2190 3407; x_wconf 76' lang='lat' dir='ltr'><strong>fie-</strong></span> 
     </span>
     <span class='ocr_line' id='line_1_34' title="bbox 301 3435 2190 3506; baseline 0.004 -20"><span class='ocrx_word' id='word_1_233' title='bbox 301 3439 522 3503; x_wconf 89' lang='lat' dir='ltr'><strong>quenter</strong></span> <span class='ocrx_word' id='word_1_234' title='bbox 559 3435 825 3499; x_wconf 89' lang='lat' dir='ltr'><strong>adhibeat,</strong></span> <span class='ocrx_word' id='word_1_235' title='bbox 861 3440 925 3486; x_wconf 93' lang='lat' dir='ltr'><strong>ut</strong></span> <span class='ocrx_word' id='word_1_236' title='bbox 962 3436 1138 3506; x_wconf 86' lang='lat' dir='ltr'><strong>legata</strong></span> <span class='ocrx_word' id='word_1_237' title='bbox 1178 3439 1269 3505; x_wconf 86' lang='lat' dir='ltr'><strong>pia</strong></span> <span class='ocrx_word' id='word_1_238' title='bbox 1306 3440 1510 3506; x_wconf 92' lang='lat' dir='ltr'><strong>optimo</strong></span> <span class='ocrx_word' id='word_1_239' title='bbox 1545 3441 1702 3492; x_wconf 93' lang='lat' dir='ltr'><strong>modo</strong></span> <span class='ocrx_word' id='word_1_240' title='bbox 1737 3441 2190 3506; x_wconf 84' lang='lat' dir='ltr'><strong>administrentur,</strong></span> 
     </span>
     <span class='ocr_line' id='line_1_35' title="bbox 300 3519 2189 3594; baseline 0.006 -26"><span class='ocrx_word' id='word_1_241' title='bbox 300 3537 362 3570; x_wconf 92' lang='lat' dir='ltr'><strong>ac</strong></span> <span class='ocrx_word' id='word_1_242' title='bbox 386 3524 504 3570; x_wconf 90' lang='lat' dir='ltr'><strong>tuto</strong></span> <span class='ocrx_word' id='word_1_243' title='bbox 530 3523 791 3570; x_wconf 83' lang='lat' dir='ltr'><strong>serventur</strong></span> <span class='ocrx_word' id='word_1_244' title='bbox 811 3537 826 3580; x_wconf 90' lang='lat'>;</span> <span class='ocrx_word' id='word_1_245' title='bbox 861 3523 1030 3587; x_wconf 90' lang='lat' dir='ltr'><strong>utque</strong></span> <span class='ocrx_word' id='word_1_246' title='bbox 1053 3519 1294 3572; x_wconf 91' lang='lat' dir='ltr'><strong>fidelium</strong></span> <span class='ocrx_word' id='word_1_247' title='bbox 1314 3523 1561 3574; x_wconf 82' lang='lat' dir='ltr'><strong>collectae</strong></span> <span class='ocrx_word' id='word_1_248' title='bbox 1581 3525 1842 3592; x_wconf 89' lang='lat' dir='ltr'><strong>sapienter</strong></span> <span class='ocrx_word' id='word_1_249' title='bbox 1865 3529 1922 3577; x_wconf 91' lang='lat' dir='ltr'><strong>et</strong></span> <span class='ocrx_word' id='word_1_250' title='bbox 1945 3528 2189 3594; x_wconf 90' lang='lat' dir='ltr'><strong>proficue,</strong></span> 
     </span>
     <span class='ocr_line' id='line_1_36' title="bbox 300 3604 1852 3676; baseline 0.005 -21"><span class='ocrx_word' id='word_1_251' title='bbox 300 3621 362 3655; x_wconf 89' lang='lat' dir='ltr'><strong>ac</strong></span> <span class='ocrx_word' id='word_1_252' title='bbox 386 3604 496 3655; x_wconf 89' lang='lat' dir='ltr'><strong>sine</strong></span> <span class='ocrx_word' id='word_1_253' title='bbox 519 3605 752 3672; x_wconf 87' lang='lat' dir='ltr'><strong>partium</strong></span> <span class='ocrx_word' id='word_1_254' title='bbox 777 3605 951 3655; x_wconf 90' lang='lat' dir='ltr'><strong>studio</strong></span> <span class='ocrx_word' id='word_1_255' title='bbox 977 3605 1243 3670; x_wconf 87' lang='lat' dir='ltr'><strong>distribui,</strong></span> <span class='ocrx_word' id='word_1_256' title='bbox 1268 3611 1324 3658; x_wconf 88' lang='lat' dir='ltr'><strong>et</strong></span> <span class='ocrx_word' id='word_1_257' title='bbox 1347 3609 1602 3676; x_wconf 89' lang='lat' dir='ltr'><strong>applicari</strong></span> <span class='ocrx_word' id='word_1_258' title='bbox 1626 3611 1852 3663; x_wconf 87' lang='lat' dir='ltr'><strong>valeant.</strong></span> 
     </span>
    </p>

    <p class='ocr_par' dir='ltr' id='par_1_10' title="bbox 301 3688 2187 3851">
     <span class='ocr_line' id='line_1_37' title="bbox 444 3688 2187 3766; baseline 0.007 -28"><span class='ocrx_word' id='word_1_259' title='bbox 444 3691 494 3739; x_wconf 91' lang='lat'><strong>5.</strong></span> <span class='ocrx_word' id='word_1_260' title='bbox 546 3688 754 3758; x_wconf 87' lang='lat' dir='ltr'><strong>Singuli</strong></span> <span class='ocrx_word' id='word_1_261' title='bbox 789 3690 1038 3757; x_wconf 89' lang='lat' dir='ltr'><strong>episcopi,</strong></span> <span class='ocrx_word' id='word_1_262' title='bbox 1075 3691 1239 3741; x_wconf 88' lang='lat' dir='ltr'><strong>etiam</strong></span> <span class='ocrx_word' id='word_1_263' title='bbox 1277 3692 1333 3743; x_wconf 89' lang='lat' dir='ltr'><strong>in</strong></span> <span class='ocrx_word' id='word_1_264' title='bbox 1372 3692 1582 3761; x_wconf 85' lang='lat' dir='ltr'><strong>Synodo</strong></span> <span class='ocrx_word' id='word_1_265' title='bbox 1611 3696 1916 3748; x_wconf 90' lang='lat' dir='ltr'><strong>dioecesana</strong></span> <span class='ocrx_word' id='word_1_266' title='bbox 1951 3700 2187 3766; x_wconf 85' lang='lat' dir='ltr'><strong>proxime</strong></span> 
     </span>
     <span class='ocr_line' id='line_1_38' title="bbox 301 3772 2161 3851; baseline 0.008 -28"><span class='ocrx_word' id='word_1_267' title='bbox 301 3772 556 3835; x_wconf 88' lang='lat' dir='ltr'><strong>habenda,</strong></span> <span class='ocrx_word' id='word_1_268' title='bbox 581 3772 857 3840; x_wconf 82' lang='lat' dir='ltr'><strong>designent</strong></span> <span class='ocrx_word' id='word_1_269' title='bbox 879 3790 972 3841; x_wconf 90' lang='lat' dir='ltr'><strong>pro</strong></span> <span class='ocrx_word' id='word_1_270' title='bbox 997 3775 1102 3826; x_wconf 87' lang='lat' dir='ltr'><strong>suis</strong></span> <span class='ocrx_word' id='word_1_271' title='bbox 1126 3776 1447 3829; x_wconf 85' lang='lat' dir='ltr'><strong>dioecesibus</strong></span> <span class='ocrx_word' id='word_1_272' title='bbox 1471 3780 1851 3833; x_wconf 85' lang='lat' dir='ltr'><strong>examinatores</strong></span> <span class='ocrx_word' id='word_1_273' title='bbox 1876 3784 2161 3851; x_wconf 85' lang='lat' dir='ltr'><strong>synodales.</strong></span> 
     </span>
    </p>
   </div>
  </div>
 </body>
</html>
