<?xml version="1.0" encoding="UTF-8"?>
<!DOCTYPE html PUBLIC "-//W3C//DTD XHTML 1.0 Transitional//EN"
    "http://www.w3.org/TR/xhtml1/DTD/xhtml1-transitional.dtd">
<html xmlns="http://www.w3.org/1999/xhtml" xml:lang="en" lang="en">
 <head>
  <title>
</title>
<meta http-equiv="Content-Type" content="text/html;charset=utf-8" />
  <meta name='ocr-system' content='tesseract 3.04.00' />
  <meta name='ocr-capabilities' content='ocr_page ocr_carea ocr_par ocr_line ocrx_word'/>
</head>
<body>
  <div class='ocr_page' id='page_1' title='image "a613743300cathuoft_0368.png"; bbox 0 0 2514 4504; ppageno 0'>
   <div class='ocr_carea' id='block_1_1' title="bbox 408 345 1518 408">
    <p class='ocr_par' dir='ltr' id='par_1_1' title="bbox 408 345 1518 408">
     <span class='ocr_line' id='line_1_1' title="bbox 408 345 1518 408; baseline 0.003 -3"><span class='ocrx_word' id='word_1_1' title='bbox 408 345 533 406; x_wconf 89' lang='lat'>350</span> <span class='ocrx_word' id='word_1_2' title='bbox 1195 365 1434 408; x_wconf 75' lang='lat' dir='ltr'>Anmrlo</span> <span class='ocrx_word' id='word_1_3' title='bbox 1480 367 1518 407; x_wconf 94' lang='lat'>1.</span> 
     </span>
    </p>
   </div>
   <div class='ocr_carea' id='block_1_2' title="bbox 399 509 2371 580">
    <p class='ocr_par' dir='ltr' id='par_1_2' title="bbox 399 509 2371 580">
     <span class='ocr_line' id='line_1_2' title="bbox 399 509 2371 580; baseline 0.002 -18"><span class='ocrx_word' id='word_1_4' title='bbox 399 510 720 563; x_wconf 89' lang='lat' dir='ltr'>Benedictus</span> <span class='ocrx_word' id='word_1_5' title='bbox 758 509 911 563; x_wconf 89' lang='lat' dir='ltr'>XIV.</span> <span class='ocrx_word' id='word_1_6' title='bbox 956 510 1278 579; x_wconf 87' lang='lat' dir='ltr'>significavit</span> <span class='ocrx_word' id='word_1_7' title='bbox 1317 511 1579 577; x_wconf 82' lang='lat' dir='ltr'>inquiens,</span> <span class='ocrx_word' id='word_1_8' title='bbox 1628 515 1662 542; x_wconf 95' lang='lat'>⁶⁶</span> <span class='ocrx_word' id='word_1_9' title='bbox 1682 511 1941 580; x_wconf 84' lang='lat' dir='ltr'><strong>regulares</strong></span> <span class='ocrx_word' id='word_1_10' title='bbox 1980 512 2300 580; x_wconf 83' lang='lat' dir='ltr'>Anglicanae</span> <span class='ocrx_word' id='word_1_11' title='bbox 2368 567 2371 570; x_wconf 66' lang='grc'>,</span> 
     </span>
    </p>
   </div>
   <div class='ocr_carea' id='block_1_3' title="bbox 400 595 2304 1518">
    <p class='ocr_par' dir='ltr' id='par_1_3' title="bbox 400 595 2304 1518">
     <span class='ocr_line' id='line_1_3' title="bbox 400 595 2303 663; baseline 0.002 -16"><span class='ocrx_word' id='word_1_12' title='bbox 400 601 434 628; x_wconf 88' lang='grc'><strong>“</strong></span> <span class='ocrx_word' id='word_1_13' title='bbox 450 597 688 648; x_wconf 83' lang='lat' dir='ltr'>missioni</span> <span class='ocrx_word' id='word_1_14' title='bbox 722 597 1011 648; x_wconf 91' lang='lat' dir='ltr'>destinatos</span> <span class='ocrx_word' id='word_1_15' title='bbox 1044 595 1172 646; x_wconf 91' lang='lat' dir='ltr'>illuc</span> <span class='ocrx_word' id='word_1_16' title='bbox 1214 595 1474 663; x_wconf 90' lang='lat' dir='ltr'>proficisci</span> <span class='ocrx_word' id='word_1_17' title='bbox 1513 596 1572 646; x_wconf 93' lang='lat' dir='ltr'>in</span> <span class='ocrx_word' id='word_1_18' title='bbox 1614 596 1813 647; x_wconf 91' lang='lat' dir='ltr'>bonum</span> <span class='ocrx_word' id='word_1_19' title='bbox 1855 601 2066 648; x_wconf 90' lang='lat' dir='ltr'>sanctae</span> <span class='ocrx_word' id='word_1_20' title='bbox 2098 602 2303 650; x_wconf 83' lang='lat' dir='ltr'>nostrae</span> 
     </span>
     <span class='ocr_line' id='line_1_4' title="bbox 400 680 2304 750; baseline 0.001 -18"><span class='ocrx_word' id='word_1_21' title='bbox 400 686 434 713; x_wconf 90' lang='lat'>⁶⁶</span> <span class='ocrx_word' id='word_1_22' title='bbox 448 682 765 750; x_wconf 83' lang='lat' dir='ltr'>religioniS.&#39;’</span> <span class='ocrx_word' id='word_1_23' title='bbox 791 681 1153 747; x_wconf 90' lang='lat' dir='ltr'>Eamdemque</span> <span class='ocrx_word' id='word_1_24' title='bbox 1169 698 1379 731; x_wconf 88' lang='lat' dir='ltr'>causam</span> <span class='ocrx_word' id='word_1_25' title='bbox 1395 682 1590 748; x_wconf 90' lang='lat' dir='ltr'>pariter</span> <span class='ocrx_word' id='word_1_26' title='bbox 1604 681 1859 732; x_wconf 91' lang='lat' dir='ltr'>attulerat</span> <span class='ocrx_word' id='word_1_27' title='bbox 1875 680 2115 734; x_wconf 84' lang='lat' dir='ltr'>Clemens</span> <span class='ocrx_word' id='word_1_28' title='bbox 2127 682 2304 747; x_wconf 88' lang='lat' dir='ltr'>V111.,</span> 
     </span>
     <span class='ocr_line' id='line_1_5' title="bbox 400 766 2303 835; baseline 0.001 -18"><span class='ocrx_word' id='word_1_29' title='bbox 400 784 524 818; x_wconf 92' lang='lat' dir='ltr'>cum</span> <span class='ocrx_word' id='word_1_30' title='bbox 567 768 632 817; x_wconf 91' lang='lat' dir='ltr'>de</span> <span class='ocrx_word' id='word_1_31' title='bbox 671 766 934 817; x_wconf 86' lang='lat' dir='ltr'>sodalibus</span> <span class='ocrx_word' id='word_1_32' title='bbox 976 766 1234 833; x_wconf 87' lang='lat' dir='ltr'>religiosis</span> <span class='ocrx_word' id='word_1_33' title='bbox 1273 767 1341 817; x_wconf 94' lang='lat' dir='ltr'>ad</span> <span class='ocrx_word' id='word_1_34' title='bbox 1385 767 1544 818; x_wconf 89' lang='lat' dir='ltr'>Indos</span> <span class='ocrx_word' id='word_1_35' title='bbox 1587 768 1834 834; x_wconf 89' lang='lat' dir='ltr'>profectis</span> <span class='ocrx_word' id='word_1_36' title='bbox 1875 768 2139 831; x_wconf 74' lang='lat' dir='ltr'>docuerat,</span> <span class='ocrx_word' id='word_1_37' title='bbox 2163 769 2303 835; x_wconf 88' lang='lat' dir='ltr'>ipsos</span> 
     </span>
     <span class='ocr_line' id='line_1_6' title="bbox 400 851 2303 920; baseline 0 -18"><span class='ocrx_word' id='word_1_38' title='bbox 400 852 707 903; x_wconf 73' lang='lat' dir='ltr'>antistitum</span> <span class='ocrx_word' id='word_1_39' title='bbox 734 869 944 902; x_wconf 91' lang='lat' dir='ltr'>suorum</span> <span class='ocrx_word' id='word_1_40' title='bbox 962 851 1116 918; x_wconf 88' lang='lat' dir='ltr'>jussu</span> <span class='ocrx_word' id='word_1_41' title='bbox 1158 851 1286 901; x_wconf 90' lang='lat' dir='ltr'>illuc</span> <span class='ocrx_word' id='word_1_42' title='bbox 1327 854 1650 915; x_wconf 84' lang='lat' dir='ltr'>concessisse,</span> <span class='ocrx_word' id='word_1_43' title='bbox 1676 853 1858 919; x_wconf 88' lang='lat' dir='ltr'>ibique</span> <span class='ocrx_word' id='word_1_44' title='bbox 1902 853 1998 903; x_wconf 93' lang='lat' dir='ltr'>sub</span> <span class='ocrx_word' id='word_1_45' title='bbox 2022 853 2303 920; x_wconf 88' lang='lat' dir='ltr'>disciplina</span> 
     </span>
     <span class='ocr_line' id='line_1_7' title="bbox 400 937 2303 1005; baseline 0.001 -18"><span class='ocrx_word' id='word_1_46' title='bbox 400 938 651 1005; x_wconf 87' lang='lat' dir='ltr'>praefecti</span> <span class='ocrx_word' id='word_1_47' title='bbox 693 937 989 1004; x_wconf 88' lang='lat' dir='ltr'>provinciae</span> <span class='ocrx_word' id='word_1_48' title='bbox 1038 937 1229 987; x_wconf 90' lang='lat' dir='ltr'>versari</span> <span class='ocrx_word' id='word_1_49' title='bbox 1293 942 1324 967; x_wconf 93' lang='lat'>⁶⁶</span> <span class='ocrx_word' id='word_1_50' title='bbox 1341 938 1409 988; x_wconf 93' lang='lat' dir='ltr'>ad</span> <span class='ocrx_word' id='word_1_51' title='bbox 1451 939 1862 1004; x_wconf 90' lang='lat' dir='ltr'>praedicandum</span> <span class='ocrx_word' id='word_1_52' title='bbox 1910 942 2152 988; x_wconf 91' lang='lat' dir='ltr'>sanctum</span> <span class='ocrx_word' id='word_1_53' title='bbox 2200 937 2303 988; x_wconf 92' lang='lat' dir='ltr'>Dei</span> 
     </span>
     <span class='ocr_line' id='line_1_8' title="bbox 402 1021 2303 1091; baseline 0.001 -19"><span class='ocrx_word' id='word_1_54' title='bbox 402 1027 435 1052; x_wconf 96' lang='lat'>⁶⁶</span> <span class='ocrx_word' id='word_1_55' title='bbox 451 1021 787 1091; x_wconf 91' lang='lat' dir='ltr'>evangelium</span> <span class='ocrx_word' id='word_1_56' title='bbox 813 1026 868 1072; x_wconf 90' lang='lat' dir='ltr'>et</span> <span class='ocrx_word' id='word_1_57' title='bbox 893 1022 1035 1071; x_wconf 89' lang='lat' dir='ltr'>viam</span> <span class='ocrx_word' id='word_1_58' title='bbox 1062 1022 1298 1072; x_wconf 88' lang='lat' dir='ltr'>veritatis</span> <span class='ocrx_word' id='word_1_59' title='bbox 1325 1027 1379 1073; x_wconf 90' lang='lat' dir='ltr'>et</span> <span class='ocrx_word' id='word_1_60' title='bbox 1404 1022 1591 1074; x_wconf 88' lang='lat' dir='ltr'>salutis</span> <span class='ocrx_word' id='word_1_61' title='bbox 1615 1023 2121 1074; x_wconf 87' lang='lat' dir='ltr'>demonstrandam.”</span> <span class='ocrx_word' id='word_1_62' title='bbox 2157 1023 2303 1074; x_wconf 89' lang='lat' dir='ltr'>Hinc</span> 
     </span>
     <span class='ocr_line' id='line_1_9' title="bbox 400 1106 2303 1176; baseline 0.001 -19"><span class='ocrx_word' id='word_1_63' title='bbox 400 1111 521 1174; x_wconf 81' lang='lat' dir='ltr'>post</span> <span class='ocrx_word' id='word_1_64' title='bbox 546 1106 775 1157; x_wconf 90' lang='lat' dir='ltr'>sublatas</span> <span class='ocrx_word' id='word_1_65' title='bbox 799 1106 937 1172; x_wconf 89' lang='lat' dir='ltr'>leges</span> <span class='ocrx_word' id='word_1_66' title='bbox 980 1106 1239 1157; x_wconf 72' lang='lat' dir='ltr'>sodalitiis</span> <span class='ocrx_word' id='word_1_67' title='bbox 1280 1107 1605 1176; x_wconf 85' lang='lat' dir='ltr'>regularibus</span> <span class='ocrx_word' id='word_1_68' title='bbox 1648 1108 1894 1171; x_wconf 82' lang='lat' dir='ltr'>infensaS,</span> <span class='ocrx_word' id='word_1_69' title='bbox 1917 1111 1973 1159; x_wconf 84' lang='lat' dir='ltr'>et</span> <span class='ocrx_word' id='word_1_70' title='bbox 2014 1107 2303 1160; x_wconf 78' lang='lat' dir='ltr'>hierarchia</span> 
     </span>
     <span class='ocr_line' id='line_1_10' title="bbox 401 1191 2303 1262; baseline 0.001 -19"><span class='ocrx_word' id='word_1_71' title='bbox 401 1192 662 1243; x_wconf 91' lang='lat' dir='ltr'>catholica</span> <span class='ocrx_word' id='word_1_72' title='bbox 703 1192 762 1241; x_wconf 88' lang='lat' dir='ltr'>in</span> <span class='ocrx_word' id='word_1_73' title='bbox 800 1191 1069 1259; x_wconf 83' lang='lat' dir='ltr'>integrum</span> <span class='ocrx_word' id='word_1_74' title='bbox 1114 1193 1381 1256; x_wconf 88' lang='lat' dir='ltr'>restituta,</span> <span class='ocrx_word' id='word_1_75' title='bbox 1423 1194 1526 1260; x_wconf 92' lang='lat' dir='ltr'>ipsi</span> <span class='ocrx_word' id='word_1_76' title='bbox 1569 1193 1944 1245; x_wconf 74' lang='lat' dir='ltr'>Britannorum</span> <span class='ocrx_word' id='word_1_77' title='bbox 1970 1194 2221 1262; x_wconf 87' lang='lat' dir='ltr'>Episcopi</span> <span class='ocrx_word' id='word_1_78' title='bbox 2243 1195 2303 1244; x_wconf 93' lang='lat' dir='ltr'>in</span> 
     </span>
     <span class='ocr_line' id='line_1_11' title="bbox 401 1276 2303 1348; baseline 0.001 -21"><span class='ocrx_word' id='word_1_79' title='bbox 401 1278 562 1345; x_wconf 89' lang='lat' dir='ltr'>priori</span> <span class='ocrx_word' id='word_1_80' title='bbox 589 1276 796 1344; x_wconf 86' lang='lat' dir='ltr'>Synodo</span> <span class='ocrx_word' id='word_1_81' title='bbox 820 1276 1369 1328; x_wconf 89' lang='lat' dir='ltr'>Westmonasteriensi</span> <span class='ocrx_word' id='word_1_82' title='bbox 1387 1279 1571 1329; x_wconf 89' lang='lat' dir='ltr'>testati</span> <span class='ocrx_word' id='word_1_83' title='bbox 1597 1283 1737 1342; x_wconf 92' lang='lat' dir='ltr'>sunt,</span> <span class='ocrx_word' id='word_1_84' title='bbox 1761 1282 1876 1329; x_wconf 90' lang='lat' dir='ltr'>rata</span> <span class='ocrx_word' id='word_1_85' title='bbox 1901 1279 2002 1330; x_wconf 89' lang='lat' dir='ltr'>sibi</span> <span class='ocrx_word' id='word_1_86' title='bbox 2026 1278 2303 1348; x_wconf 83' lang='lat' dir='ltr'>privilegia</span> 
     </span>
     <span class='ocr_line' id='line_1_12' title="bbox 401 1362 2303 1432; baseline 0.001 -19"><span class='ocrx_word' id='word_1_87' title='bbox 401 1364 526 1426; x_wconf 90' lang='lat' dir='ltr'>fore,</span> <span class='ocrx_word' id='word_1_88' title='bbox 564 1367 598 1393; x_wconf 91' lang='lat'>⁶⁶</span> <span class='ocrx_word' id='word_1_89' title='bbox 614 1363 803 1430; x_wconf 90' lang='lat' dir='ltr'>quibus</span> <span class='ocrx_word' id='word_1_90' title='bbox 828 1363 930 1412; x_wconf 87' lang='lat' dir='ltr'>viri</span> <span class='ocrx_word' id='word_1_91' title='bbox 971 1362 1202 1431; x_wconf 85' lang='lat' dir='ltr'>religiosi</span> <span class='ocrx_word' id='word_1_92' title='bbox 1242 1364 1347 1414; x_wconf 86' lang='lat' dir='ltr'>suis</span> <span class='ocrx_word' id='word_1_93' title='bbox 1385 1364 1444 1413; x_wconf 91' lang='lat' dir='ltr'>in</span> <span class='ocrx_word' id='word_1_94' title='bbox 1485 1364 1727 1414; x_wconf 90' lang='lat' dir='ltr'>domibus</span> <span class='ocrx_word' id='word_1_95' title='bbox 1751 1363 1836 1415; x_wconf 89' lang='lat' dir='ltr'>vel</span> <span class='ocrx_word' id='word_1_96' title='bbox 1879 1368 2025 1415; x_wconf 86' lang='lat' dir='ltr'>extra</span> <span class='ocrx_word' id='word_1_97' title='bbox 2061 1363 2303 1432; x_wconf 87' lang='lat' dir='ltr'>legitime</span> 
     </span>
     <span class='ocr_line' id='line_1_13' title="bbox 402 1447 2262 1518; baseline 0.002 -20"><span class='ocrx_word' id='word_1_98' title='bbox 402 1452 437 1479; x_wconf 93' lang='lat'>⁶⁶</span> <span class='ocrx_word' id='word_1_99' title='bbox 452 1448 686 1518; x_wconf 85' lang='lat' dir='ltr'>gaudent</span> <span class='ocrx_word' id='word_1_100' title='bbox 705 1447 732 1471; x_wconf 80' lang='lat'>’⁹</span> <span class='ocrx_word' id='word_1_101' title='bbox 769 1448 1012 1514; x_wconf 88' lang='lat' dir='ltr'>quamvis</span> <span class='ocrx_word' id='word_1_102' title='bbox 1049 1452 1082 1478; x_wconf 92' lang='lat'>⁶⁶</span> <span class='ocrx_word' id='word_1_103' title='bbox 1100 1452 1246 1498; x_wconf 85' lang='lat' dir='ltr'>extra</span> <span class='ocrx_word' id='word_1_104' title='bbox 1270 1451 1586 1500; x_wconf 87' lang='lat' dir='ltr'>monasteria</span> <span class='ocrx_word' id='word_1_105' title='bbox 1611 1454 1675 1500; x_wconf 91' lang='lat' dir='ltr'>ut</span> <span class='ocrx_word' id='word_1_106' title='bbox 1699 1450 1991 1518; x_wconf 89' lang='lat' dir='ltr'>plurimum</span> <span class='ocrx_word' id='word_1_107' title='bbox 2016 1447 2262 1518; x_wconf 83' lang='lat' dir='ltr'>degant.”</span> 
     </span>
    </p>
   </div>
   <div class='ocr_carea' id='block_1_4' title="bbox 401 1550 2304 2115">
    <p class='ocr_par' dir='ltr' id='par_1_4' title="bbox 401 1550 2304 2115">
     <span class='ocr_line' id='line_1_14' title="bbox 547 1550 2304 1620; baseline 0.001 -19"><span class='ocrx_word' id='word_1_108' title='bbox 547 1550 897 1612; x_wconf 83' lang='lat' dir='ltr'>Quamobrem</span> <span class='ocrx_word' id='word_1_109' title='bbox 935 1550 994 1600; x_wconf 94' lang='lat' dir='ltr'>in</span> <span class='ocrx_word' id='word_1_110' title='bbox 1030 1551 1292 1617; x_wconf 88' lang='lat' dir='ltr'>praesenti</span> <span class='ocrx_word' id='word_1_111' title='bbox 1326 1551 1491 1602; x_wconf 89' lang='lat' dir='ltr'>etiam</span> <span class='ocrx_word' id='word_1_112' title='bbox 1530 1551 1797 1603; x_wconf 87' lang='lat' dir='ltr'>Ecclesiae</span> <span class='ocrx_word' id='word_1_113' title='bbox 1832 1552 2123 1603; x_wconf 88' lang='lat' dir='ltr'>catholicae</span> <span class='ocrx_word' id='word_1_114' title='bbox 2159 1551 2304 1620; x_wconf 91' lang='lat' dir='ltr'>apud</span> 
     </span>
     <span class='ocr_line' id='line_1_15' title="bbox 402 1636 2303 1706; baseline 0 -18"><span class='ocrx_word' id='word_1_115' title='bbox 402 1637 682 1689; x_wconf 88' lang='lat' dir='ltr'>Britannos</span> <span class='ocrx_word' id='word_1_116' title='bbox 707 1636 1010 1687; x_wconf 89' lang='lat' dir='ltr'>conditione</span> <span class='ocrx_word' id='word_1_117' title='bbox 1045 1636 1302 1686; x_wconf 90' lang='lat' dir='ltr'>declarare</span> <span class='ocrx_word' id='word_1_118' title='bbox 1343 1653 1450 1687; x_wconf 93' lang='lat' dir='ltr'>non</span> <span class='ocrx_word' id='word_1_119' title='bbox 1492 1637 1830 1690; x_wconf 82' lang='lat' dir='ltr'>dubitamus:</span> <span class='ocrx_word' id='word_1_120' title='bbox 1886 1637 2185 1706; x_wconf 87' lang='lat' dir='ltr'>Regulares,</span> <span class='ocrx_word' id='word_1_121' title='bbox 2209 1638 2303 1706; x_wconf 91' lang='lat' dir='ltr'>qui</span> 
     </span>
     <span class='ocr_line' id='line_1_16' title="bbox 402 1721 2304 1790; baseline 0 -16"><span class='ocrx_word' id='word_1_122' title='bbox 402 1724 460 1774; x_wconf 92' lang='lat' dir='ltr'>in</span> <span class='ocrx_word' id='word_1_123' title='bbox 484 1722 781 1774; x_wconf 89' lang='lat' dir='ltr'>residentiis</span> <span class='ocrx_word' id='word_1_124' title='bbox 823 1722 1135 1772; x_wconf 89' lang='lat' dir='ltr'>missionum</span> <span class='ocrx_word' id='word_1_125' title='bbox 1178 1726 1583 1785; x_wconf 86' lang='lat' dir='ltr'>commorantur,</span> <span class='ocrx_word' id='word_1_126' title='bbox 1610 1727 1878 1790; x_wconf 85' lang='lat' dir='ltr'>exemptos</span> <span class='ocrx_word' id='word_1_127' title='bbox 1915 1739 2023 1773; x_wconf 87' lang='lat' dir='ltr'>esse</span> <span class='ocrx_word' id='word_1_128' title='bbox 2059 1722 2128 1773; x_wconf 92' lang='lat' dir='ltr'>ab</span> <span class='ocrx_word' id='word_1_129' title='bbox 2151 1721 2304 1774; x_wconf 90' lang='lat' dir='ltr'>Ordi-</span> 
     </span>
     <span class='ocr_line' id='line_1_17' title="bbox 401 1807 2302 1876; baseline -0.002 -16"><span class='ocrx_word' id='word_1_130' title='bbox 401 1810 538 1860; x_wconf 88' lang='lat' dir='ltr'>narii</span> <span class='ocrx_word' id='word_1_131' title='bbox 553 1808 939 1876; x_wconf 89' lang='lat' dir='ltr'>jurisdictione,</span> <span class='ocrx_word' id='word_1_132' title='bbox 964 1824 1069 1858; x_wconf 94' lang='lat' dir='ltr'>non</span> <span class='ocrx_word' id='word_1_133' title='bbox 1095 1824 1238 1858; x_wconf 89' lang='lat' dir='ltr'>secus</span> <span class='ocrx_word' id='word_1_134' title='bbox 1264 1824 1325 1857; x_wconf 90' lang='lat' dir='ltr'>ac</span> <span class='ocrx_word' id='word_1_135' title='bbox 1349 1807 1610 1876; x_wconf 87' lang='lat' dir='ltr'>regulares</span> <span class='ocrx_word' id='word_1_136' title='bbox 1634 1808 1776 1858; x_wconf 90' lang='lat' dir='ltr'>intra</span> <span class='ocrx_word' id='word_1_137' title='bbox 1801 1808 2027 1859; x_wconf 89' lang='lat' dir='ltr'>claustra</span> <span class='ocrx_word' id='word_1_138' title='bbox 2050 1807 2302 1871; x_wconf 75' lang='lat' dir='ltr'>viventes,</span> 
     </span>
     <span class='ocr_line' id='line_1_18' title="bbox 401 1891 2302 1962; baseline -0.001 -18"><span class='ocrx_word' id='word_1_139' title='bbox 401 1899 605 1962; x_wconf 88' lang='lat' dir='ltr'>praeter</span> <span class='ocrx_word' id='word_1_140' title='bbox 629 1909 789 1960; x_wconf 92' lang='lat' dir='ltr'>quam</span> <span class='ocrx_word' id='word_1_141' title='bbox 814 1893 873 1942; x_wconf 93' lang='lat' dir='ltr'>in</span> <span class='ocrx_word' id='word_1_142' title='bbox 897 1892 1102 1942; x_wconf 87' lang='lat' dir='ltr'>casibus</span> <span class='ocrx_word' id='word_1_143' title='bbox 1126 1908 1158 1942; x_wconf 92' lang='lat' dir='ltr'>a</span> <span class='ocrx_word' id='word_1_144' title='bbox 1173 1892 1295 1960; x_wconf 90' lang='lat' dir='ltr'>jure</span> <span class='ocrx_word' id='word_1_145' title='bbox 1309 1893 1630 1943; x_wconf 89' lang='lat' dir='ltr'>nominatim</span> <span class='ocrx_word' id='word_1_146' title='bbox 1649 1894 1917 1960; x_wconf 79' lang='lat' dir='ltr'>expressiS,</span> <span class='ocrx_word' id='word_1_147' title='bbox 1936 1897 1992 1943; x_wconf 88' lang='lat' dir='ltr'>et</span> <span class='ocrx_word' id='word_1_148' title='bbox 2010 1891 2302 1961; x_wconf 84' lang='lat' dir='ltr'>generatim</span> 
     </span>
     <span class='ocr_line' id='line_1_19' title="bbox 401 1979 2302 2046; baseline 0.001 -17"><span class='ocrx_word' id='word_1_149' title='bbox 401 1981 460 2030; x_wconf 92' lang='lat' dir='ltr'>in</span> <span class='ocrx_word' id='word_1_150' title='bbox 507 1979 575 2029; x_wconf 91' lang='lat' dir='ltr'>iis</span> <span class='ocrx_word' id='word_1_151' title='bbox 635 1995 769 2046; x_wconf 91' lang='lat' dir='ltr'>quae</span> <span class='ocrx_word' id='word_1_152' title='bbox 817 1981 1135 2029; x_wconf 86' lang='lat' dir='ltr'>concernunt</span> <span class='ocrx_word' id='word_1_153' title='bbox 1184 1995 1364 2029; x_wconf 91' lang='lat' dir='ltr'>curam</span> <span class='ocrx_word' id='word_1_154' title='bbox 1412 1980 1709 2030; x_wconf 92' lang='lat' dir='ltr'>animarum</span> <span class='ocrx_word' id='word_1_155' title='bbox 1757 1982 1812 2029; x_wconf 92' lang='lat' dir='ltr'>et</span> <span class='ocrx_word' id='word_1_156' title='bbox 1861 1983 2302 2030; x_wconf 87' lang='lat' dir='ltr'>sacramentorum</span> 
     </span>
     <span class='ocr_line' id='line_1_20' title="bbox 402 2064 932 2115; baseline -0.002 0"><span class='ocrx_word' id='word_1_157' title='bbox 402 2064 932 2115; x_wconf 88' lang='lat' dir='ltr'>administrationem.</span> 
     </span>
    </p>
   </div>
   <div class='ocr_carea' id='block_1_5' title="bbox 401 2166 2303 2916">
    <p class='ocr_par' dir='ltr' id='par_1_5' title="bbox 401 2166 2303 2916">
     <span class='ocr_line' id='line_1_21' title="bbox 546 2166 2303 2235; baseline -0.001 -16"><span class='ocrx_word' id='word_1_158' title='bbox 546 2168 891 2235; x_wconf 91' lang='lat' dir='ltr'>Praecipuam</span> <span class='ocrx_word' id='word_1_159' title='bbox 932 2167 1068 2218; x_wconf 89' lang='lat' dir='ltr'>hanc</span> <span class='ocrx_word' id='word_1_160' title='bbox 1107 2184 1269 2235; x_wconf 90' lang='lat' dir='ltr'>quam</span> <span class='ocrx_word' id='word_1_161' title='bbox 1311 2166 1649 2219; x_wconf 88' lang='lat' dir='ltr'>definivimus</span> <span class='ocrx_word' id='word_1_162' title='bbox 1688 2168 2091 2220; x_wconf 89' lang='lat' dir='ltr'>controversiam</span> <span class='ocrx_word' id='word_1_163' title='bbox 2137 2167 2303 2218; x_wconf 84' lang='lat' dir='ltr'>altera</span> 
     </span>
     <span class='ocr_line' id='line_1_22' title="bbox 401 2253 2303 2322; baseline 0 -18"><span class='ocrx_word' id='word_1_164' title='bbox 401 2254 697 2322; x_wconf 83' lang='lat' dir='ltr'>excipiebat</span> <span class='ocrx_word' id='word_1_165' title='bbox 738 2253 927 2316; x_wconf 90' lang='lat' dir='ltr'>affinis,</span> <span class='ocrx_word' id='word_1_166' title='bbox 969 2254 1036 2304; x_wconf 90' lang='lat' dir='ltr'>de</span> <span class='ocrx_word' id='word_1_167' title='bbox 1078 2253 1403 2322; x_wconf 90' lang='lat' dir='ltr'>obligatione</span> <span class='ocrx_word' id='word_1_168' title='bbox 1441 2270 1547 2320; x_wconf 91' lang='lat' dir='ltr'>qua</span> <span class='ocrx_word' id='word_1_169' title='bbox 1588 2257 1867 2304; x_wconf 82' lang='lat' dir='ltr'>teneantur</span> <span class='ocrx_word' id='word_1_170' title='bbox 1909 2253 2154 2304; x_wconf 87' lang='lat' dir='ltr'>Rectores</span> <span class='ocrx_word' id='word_1_171' title='bbox 2176 2254 2303 2304; x_wconf 87' lang='lat' dir='ltr'>mis-</span> 
     </span>
     <span class='ocr_line' id='line_1_23' title="bbox 403 2338 2303 2408; baseline -0.002 -17"><span class='ocrx_word' id='word_1_172' title='bbox 403 2341 609 2391; x_wconf 90' lang='lat' dir='ltr'>sionum</span> <span class='ocrx_word' id='word_1_173' title='bbox 635 2340 889 2390; x_wconf 91' lang='lat' dir='ltr'>creditam</span> <span class='ocrx_word' id='word_1_174' title='bbox 932 2338 1181 2391; x_wconf 87' lang='lat' dir='ltr'>habentes</span> <span class='ocrx_word' id='word_1_175' title='bbox 1223 2340 1520 2391; x_wconf 89' lang='lat' dir='ltr'>animarum</span> <span class='ocrx_word' id='word_1_176' title='bbox 1563 2358 1760 2403; x_wconf 90' lang='lat' dir='ltr'>curam,</span> <span class='ocrx_word' id='word_1_177' title='bbox 1783 2357 2066 2408; x_wconf 89' lang='lat' dir='ltr'>eorumque</span> <span class='ocrx_word' id='word_1_178' title='bbox 2101 2339 2303 2402; x_wconf 87' lang='lat' dir='ltr'>vicarii,</span> 
     </span>
     <span class='ocr_line' id='line_1_24' title="bbox 402 2424 2301 2493; baseline -0.001 -17"><span class='ocrx_word' id='word_1_179' title='bbox 402 2425 598 2492; x_wconf 89' lang='lat' dir='ltr'>aliique</span> <span class='ocrx_word' id='word_1_180' title='bbox 622 2424 856 2493; x_wconf 90' lang='lat' dir='ltr'>religiosi</span> <span class='ocrx_word' id='word_1_181' title='bbox 899 2424 1114 2487; x_wconf 92' lang='lat' dir='ltr'>sodales,</span> <span class='ocrx_word' id='word_1_182' title='bbox 1159 2425 1502 2476; x_wconf 87' lang='lat' dir='ltr'>facultatibus</span> <span class='ocrx_word' id='word_1_183' title='bbox 1541 2427 1768 2492; x_wconf 90' lang='lat' dir='ltr'>praediti</span> <span class='ocrx_word' id='word_1_184' title='bbox 1802 2424 2301 2493; x_wconf 18' lang='lat' dir='ltr'>quae-missionariis</span> 
     </span>
     <span class='ocr_line' id='line_1_25' title="bbox 402 2509 2300 2578; baseline -0.001 -16"><span class='ocrx_word' id='word_1_185' title='bbox 402 2511 779 2572; x_wconf 87' lang='lat' dir='ltr'>conceduntur,</span> <span class='ocrx_word' id='word_1_186' title='bbox 803 2513 867 2560; x_wconf 92' lang='lat' dir='ltr'>ut</span> <span class='ocrx_word' id='word_1_187' title='bbox 890 2511 1139 2560; x_wconf 89' lang='lat' dir='ltr'>intersint</span> <span class='ocrx_word' id='word_1_188' title='bbox 1190 2510 1259 2560; x_wconf 90' lang='lat' dir='ltr'>iis</span> <span class='ocrx_word' id='word_1_189' title='bbox 1287 2509 1424 2561; x_wconf 90' lang='lat' dir='ltr'>Cleri</span> <span class='ocrx_word' id='word_1_190' title='bbox 1449 2511 1811 2575; x_wconf 82' lang='lat' dir='ltr'>conventibuS,</span> <span class='ocrx_word' id='word_1_191' title='bbox 1835 2528 1964 2578; x_wconf 90' lang='lat' dir='ltr'>quos</span> <span class='ocrx_word' id='word_1_192' title='bbox 1988 2509 2300 2562; x_wconf 72' lang='lat' dir='ltr'>collationes</span> 
     </span>
     <span class='ocr_line' id='line_1_26' title="bbox 403 2593 2300 2664; baseline 0 -17"><span class='ocrx_word' id='word_1_193' title='bbox 403 2613 493 2647; x_wconf 92' lang='lat' dir='ltr'>seu</span> <span class='ocrx_word' id='word_1_194' title='bbox 518 2593 885 2664; x_wconf 74' lang='lat' dir='ltr'>conferentias</span> <span class='ocrx_word' id='word_1_195' title='bbox 909 2598 1116 2657; x_wconf 87' lang='lat' dir='ltr'>vocant,</span> <span class='ocrx_word' id='word_1_196' title='bbox 1141 2610 1312 2662; x_wconf 91' lang='lat' dir='ltr'>neque</span> <span class='ocrx_word' id='word_1_197' title='bbox 1335 2611 1439 2645; x_wconf 91' lang='lat' dir='ltr'>non</span> <span class='ocrx_word' id='word_1_198' title='bbox 1482 2594 1705 2663; x_wconf 85' lang='lat' dir='ltr'>Synodis</span> <span class='ocrx_word' id='word_1_199' title='bbox 1731 2596 2065 2647; x_wconf 78' lang='lat' dir='ltr'>dioecesanis,</span> <span class='ocrx_word' id='word_1_200' title='bbox 2139 2594 2300 2662; x_wconf 85' lang='lat' dir='ltr'>Cujus</span> 
     </span>
     <span class='ocr_line' id='line_1_27' title="bbox 401 2679 2301 2748; baseline 0.001 -17"><span class='ocrx_word' id='word_1_201' title='bbox 401 2681 720 2748; x_wconf 89' lang='lat' dir='ltr'>quaestionis</span> <span class='ocrx_word' id='word_1_202' title='bbox 744 2679 824 2730; x_wconf 91' lang='lat' dir='ltr'>vis</span> <span class='ocrx_word' id='word_1_203' title='bbox 839 2683 894 2730; x_wconf 91' lang='lat' dir='ltr'>et</span> <span class='ocrx_word' id='word_1_204' title='bbox 912 2679 1048 2729; x_wconf 91' lang='lat' dir='ltr'>ratio</span> <span class='ocrx_word' id='word_1_205' title='bbox 1072 2683 1137 2729; x_wconf 91' lang='lat' dir='ltr'>ut</span> <span class='ocrx_word' id='word_1_206' title='bbox 1160 2679 1513 2748; x_wconf 86' lang='lat' dir='ltr'>intelligatur,</span> <span class='ocrx_word' id='word_1_207' title='bbox 1531 2684 1764 2747; x_wconf 87' lang='lat' dir='ltr'>praestat</span> <span class='ocrx_word' id='word_1_208' title='bbox 1781 2698 2066 2732; x_wconf 88' lang='lat' dir='ltr'>memorare</span> <span class='ocrx_word' id='word_1_209' title='bbox 2081 2681 2219 2748; x_wconf 91' lang='lat' dir='ltr'>quod</span> <span class='ocrx_word' id='word_1_210' title='bbox 2242 2682 2301 2732; x_wconf 92' lang='lat' dir='ltr'>in</span> 
     </span>
     <span class='ocr_line' id='line_1_28' title="bbox 402 2764 2298 2834; baseline 0 -17"><span class='ocrx_word' id='word_1_211' title='bbox 402 2765 636 2818; x_wconf 88' lang='lat' dir='ltr'>Concilio</span> <span class='ocrx_word' id='word_1_212' title='bbox 661 2764 1207 2816; x_wconf 91' lang='lat' dir='ltr'>Westmonasteriensi</span> <span class='ocrx_word' id='word_1_213' title='bbox 1233 2764 1554 2816; x_wconf 88' lang='lat' dir='ltr'>Provinciali</span> <span class='ocrx_word' id='word_1_214' title='bbox 1579 2777 1641 2816; x_wconf 86' lang='lat' dir='ltr'>IV</span> <span class='ocrx_word' id='word_1_215' title='bbox 1663 2767 1986 2834; x_wconf 90' lang='lat' dir='ltr'>praecipitur</span> <span class='ocrx_word' id='word_1_216' title='bbox 2007 2765 2090 2818; x_wconf 82' lang='lat' dir='ltr'>his</span> <span class='ocrx_word' id='word_1_217' title='bbox 2114 2766 2298 2818; x_wconf 87' lang='lat' dir='ltr'>verbis:</span> 
     </span>
     <span class='ocr_line' id='line_1_29' title="bbox 401 2849 2300 2916; baseline 0 -14"><span class='ocrx_word' id='word_1_218' title='bbox 401 2856 436 2884; x_wconf 91' lang='lat'>‘⁶</span> <span class='ocrx_word' id='word_1_219' title='bbox 451 2851 511 2903; x_wconf 81' lang='lat' dir='ltr'>Si</span> <span class='ocrx_word' id='word_1_220' title='bbox 553 2851 658 2901; x_wconf 92' lang='lat' dir='ltr'>duo</span> <span class='ocrx_word' id='word_1_221' title='bbox 700 2849 784 2899; x_wconf 88' lang='lat' dir='ltr'>vel</span> <span class='ocrx_word' id='word_1_222' title='bbox 821 2849 993 2916; x_wconf 90' lang='lat' dir='ltr'>plures</span> <span class='ocrx_word' id='word_1_223' title='bbox 1037 2849 1145 2899; x_wconf 94' lang='lat' dir='ltr'>sint</span> <span class='ocrx_word' id='word_1_224' title='bbox 1184 2850 1472 2900; x_wconf 89' lang='lat' dir='ltr'>sacerdotes</span> <span class='ocrx_word' id='word_1_225' title='bbox 1509 2850 1568 2900; x_wconf 95' lang='lat' dir='ltr'>in</span> <span class='ocrx_word' id='word_1_226' title='bbox 1610 2851 1793 2901; x_wconf 91' lang='lat' dir='ltr'>eadem</span> <span class='ocrx_word' id='word_1_227' title='bbox 1832 2851 2097 2915; x_wconf 85' lang='lat' dir='ltr'>missione,</span> <span class='ocrx_word' id='word_1_228' title='bbox 2133 2867 2300 2902; x_wconf 90' lang='lat' dir='ltr'>unum</span> 
     </span>
    </p>
   </div>
   <div class='ocr_carea' id='block_1_6' title="bbox 402 2933 2354 3004">
    <p class='ocr_par' dir='ltr' id='par_1_6' title="bbox 402 2933 2354 3004">
     <span class='ocr_line' id='line_1_30' title="bbox 402 2933 2354 3004; baseline 0.001 -18"><span class='ocrx_word' id='word_1_229' title='bbox 402 2941 435 2968; x_wconf 96' lang='lat'>⁶⁶</span> <span class='ocrx_word' id='word_1_230' title='bbox 451 2940 666 2986; x_wconf 87' lang='lat' dir='ltr'>tantum</span> <span class='ocrx_word' id='word_1_231' title='bbox 707 2934 941 3001; x_wconf 84' lang='lat' dir='ltr'>primum</span> <span class='ocrx_word' id='word_1_232' title='bbox 980 2934 1382 3002; x_wconf 89' lang='lat' dir='ltr'>designandum,</span> <span class='ocrx_word' id='word_1_233' title='bbox 1425 2935 1519 3002; x_wconf 92' lang='lat' dir='ltr'>qui</span> <span class='ocrx_word' id='word_1_234' title='bbox 1545 2940 1693 3004; x_wconf 91' lang='lat' dir='ltr'>gerat</span> <span class='ocrx_word' id='word_1_235' title='bbox 1723 2953 1902 2987; x_wconf 91' lang='lat' dir='ltr'>curam</span> <span class='ocrx_word' id='word_1_236' title='bbox 1926 2937 2221 2987; x_wconf 88' lang='lat' dir='ltr'>animarum</span> <span class='ocrx_word' id='word_1_237' title='bbox 2245 2940 2302 2988; x_wconf 87' lang='lat' dir='ltr'>et</span> <span class='ocrx_word' id='word_1_238' title='bbox 2351 2933 2354 2935; x_wconf 52' lang='grc'><strong>’</strong></span> 
     </span>
    </p>
   </div>
   <div class='ocr_carea' id='block_1_7' title="bbox 401 3019 2302 3510">
    <p class='ocr_par' dir='ltr' id='par_1_7' title="bbox 401 3019 2302 3510">
     <span class='ocr_line' id='line_1_31' title="bbox 401 3019 2300 3089; baseline 0 -17"><span class='ocrx_word' id='word_1_239' title='bbox 401 3026 436 3053; x_wconf 88' lang='grc'><strong>“</strong></span> <span class='ocrx_word' id='word_1_240' title='bbox 451 3019 967 3072; x_wconf 89' lang='lat' dir='ltr'>administrationem</span> <span class='ocrx_word' id='word_1_241' title='bbox 1011 3019 1277 3069; x_wconf 89' lang='lat' dir='ltr'>Ecclesiae</span> <span class='ocrx_word' id='word_1_242' title='bbox 1297 3057 1428 3070; x_wconf 89' lang='grc'><strong>......</strong></span> <span class='ocrx_word' id='word_1_243' title='bbox 1450 3024 1646 3071; x_wconf 87' lang='lat' dir='ltr'>ceteros</span> <span class='ocrx_word' id='word_1_244' title='bbox 1695 3037 1876 3072; x_wconf 91' lang='lat' dir='ltr'>omnes</span> <span class='ocrx_word' id='word_1_245' title='bbox 1919 3038 2096 3071; x_wconf 90' lang='lat' dir='ltr'>curam</span> <span class='ocrx_word' id='word_1_246' title='bbox 2140 3038 2300 3089; x_wconf 91' lang='lat' dir='ltr'>quam</span> 
     </span>
     <span class='ocr_line' id='line_1_32' title="bbox 402 3104 2302 3172; baseline 0 -16"><span class='ocrx_word' id='word_1_247' title='bbox 402 3111 436 3138; x_wconf 90' lang='lat'>⁶⁶</span> <span class='ocrx_word' id='word_1_248' title='bbox 451 3106 650 3156; x_wconf 90' lang='lat' dir='ltr'>habent</span> <span class='ocrx_word' id='word_1_249' title='bbox 673 3104 970 3155; x_wconf 90' lang='lat' dir='ltr'>animarum</span> <span class='ocrx_word' id='word_1_250' title='bbox 996 3121 1120 3154; x_wconf 93' lang='lat' dir='ltr'>cum</span> <span class='ocrx_word' id='word_1_251' title='bbox 1145 3104 1499 3171; x_wconf 91' lang='lat' dir='ltr'>dependentia</span> <span class='ocrx_word' id='word_1_252' title='bbox 1523 3121 1556 3155; x_wconf 89' lang='lat' dir='ltr'>a</span> <span class='ocrx_word' id='word_1_253' title='bbox 1579 3106 1750 3172; x_wconf 92' lang='lat' dir='ltr'>primo</span> <span class='ocrx_word' id='word_1_254' title='bbox 1775 3105 2053 3156; x_wconf 86' lang='lat' dir='ltr'>exercere.’&#39;</span> <span class='ocrx_word' id='word_1_255' title='bbox 2076 3105 2094 3135; x_wconf 84' lang='lat'>¹</span> <span class='ocrx_word' id='word_1_256' title='bbox 2147 3105 2302 3157; x_wconf 92' lang='lat' dir='ltr'>Com-</span> 
     </span>
     <span class='ocr_line' id='line_1_33' title="bbox 401 3188 2301 3262; baseline -0.001 -20"><span class='ocrx_word' id='word_1_257' title='bbox 401 3196 552 3262; x_wconf 89' lang='lat' dir='ltr'>perta</span> <span class='ocrx_word' id='word_1_258' title='bbox 576 3191 757 3256; x_wconf 92' lang='lat' dir='ltr'>itaque</span> <span class='ocrx_word' id='word_1_259' title='bbox 781 3193 970 3238; x_wconf 87' lang='lat' dir='ltr'>natura</span> <span class='ocrx_word' id='word_1_260' title='bbox 1013 3188 1143 3238; x_wconf 88' lang='lat' dir='ltr'>facti</span> <span class='ocrx_word' id='word_1_261' title='bbox 1168 3189 1233 3239; x_wconf 91' lang='lat' dir='ltr'>de</span> <span class='ocrx_word' id='word_1_262' title='bbox 1275 3206 1378 3256; x_wconf 90' lang='lat' dir='ltr'>quo</span> <span class='ocrx_word' id='word_1_263' title='bbox 1421 3190 1615 3258; x_wconf 88' lang='lat' dir='ltr'>agitur,</span> <span class='ocrx_word' id='word_1_264' title='bbox 1641 3194 1695 3240; x_wconf 92' lang='lat' dir='ltr'>et</span> <span class='ocrx_word' id='word_1_265' title='bbox 1736 3195 1936 3241; x_wconf 91' lang='lat' dir='ltr'>semota</span> <span class='ocrx_word' id='word_1_266' title='bbox 1960 3193 2216 3258; x_wconf 88' lang='lat' dir='ltr'>tantisper</span> <span class='ocrx_word' id='word_1_267' title='bbox 2239 3207 2301 3242; x_wconf 89' lang='lat' dir='ltr'>ea</span> 
     </span>
     <span class='ocr_line' id='line_1_34' title="bbox 401 3273 2300 3345; baseline -0.001 -17"><span class='ocrx_word' id='word_1_268' title='bbox 401 3276 722 3345; x_wconf 90' lang='lat' dir='ltr'>quaestionis</span> <span class='ocrx_word' id='word_1_269' title='bbox 764 3278 913 3341; x_wconf 88' lang='lat' dir='ltr'>parte</span> <span class='ocrx_word' id='word_1_270' title='bbox 955 3290 1087 3341; x_wconf 87' lang='lat' dir='ltr'>quae</span> <span class='ocrx_word' id='word_1_271' title='bbox 1131 3273 1364 3342; x_wconf 88' lang='lat' dir='ltr'>Synodos</span> <span class='ocrx_word' id='word_1_272' title='bbox 1423 3276 1655 3342; x_wconf 91' lang='lat' dir='ltr'>respicit,</span> <span class='ocrx_word' id='word_1_273' title='bbox 1697 3276 1899 3344; x_wconf 87' lang='lat' dir='ltr'>ambigi</span> <span class='ocrx_word' id='word_1_274' title='bbox 1942 3277 2145 3343; x_wconf 89' lang='lat' dir='ltr'>nequit,</span> <span class='ocrx_word' id='word_1_275' title='bbox 2170 3276 2300 3342; x_wconf 91' lang='lat' dir='ltr'>quin</span> 
     </span>
     <span class='ocr_line' id='line_1_35' title="bbox 402 3358 2299 3427; baseline -0.002 -14"><span class='ocrx_word' id='word_1_276' title='bbox 402 3364 648 3414; x_wconf 88' lang='lat' dir='ltr'>Rectores</span> <span class='ocrx_word' id='word_1_277' title='bbox 672 3360 982 3410; x_wconf 86' lang='lat' dir='ltr'>missionum</span> <span class='ocrx_word' id='word_1_278' title='bbox 1007 3359 1182 3409; x_wconf 88' lang='lat' dir='ltr'>adesse</span> <span class='ocrx_word' id='word_1_279' title='bbox 1208 3359 1432 3410; x_wconf 86' lang='lat' dir='ltr'>debeant</span> <span class='ocrx_word' id='word_1_280' title='bbox 1477 3360 1543 3410; x_wconf 89' lang='lat' dir='ltr'>iis</span> <span class='ocrx_word' id='word_1_281' title='bbox 1585 3359 1720 3410; x_wconf 89' lang='lat' dir='ltr'>Cleri</span> <span class='ocrx_word' id='word_1_282' title='bbox 1746 3360 1998 3422; x_wconf 83' lang='lat' dir='ltr'>coetibuS,</span> <span class='ocrx_word' id='word_1_283' title='bbox 2022 3360 2115 3427; x_wconf 94' lang='lat' dir='ltr'>qui</span> <span class='ocrx_word' id='word_1_284' title='bbox 2139 3358 2299 3411; x_wconf 83' lang='lat' dir='ltr'>colla-</span> 
     </span>
     <span class='ocr_line' id='line_1_36' title="bbox 403 3442 2299 3510; baseline -0.001 -12"><span class='ocrx_word' id='word_1_285' title='bbox 403 3445 578 3499; x_wconf 66' lang='lat' dir='ltr'>tiones</span> <span class='ocrx_word' id='word_1_286' title='bbox 616 3445 879 3496; x_wconf 85' lang='lat' dir='ltr'>dicuntur.</span> <span class='ocrx_word' id='word_1_287' title='bbox 966 3442 1211 3510; x_wconf 75' lang='lat' dir='ltr'>Namque</span> <span class='ocrx_word' id='word_1_288' title='bbox 1250 3461 1429 3494; x_wconf 88' lang='lat' dir='ltr'>eorum</span> <span class='ocrx_word' id='word_1_289' title='bbox 1478 3460 1633 3495; x_wconf 90' lang='lat' dir='ltr'>causa</span> <span class='ocrx_word' id='word_1_290' title='bbox 1675 3444 1859 3496; x_wconf 89' lang='lat' dir='ltr'>eadem</span> <span class='ocrx_word' id='word_1_291' title='bbox 1901 3443 2064 3495; x_wconf 88' lang='lat' dir='ltr'>ferme</span> <span class='ocrx_word' id='word_1_292' title='bbox 2111 3447 2192 3495; x_wconf 88' lang='lat' dir='ltr'>est</span> <span class='ocrx_word' id='word_1_293' title='bbox 2237 3460 2299 3496; x_wconf 77' lang='lat' dir='ltr'>ac</span> 
     </span>
    </p>
   </div>
   <div class='ocr_carea' id='block_1_8' title="bbox 1140 3590 1532 3635">
    <p class='ocr_par' dir='ltr' id='par_1_8' title="bbox 1140 3590 1532 3635">
     <span class='ocr_line' id='line_1_37' title="bbox 1140 3590 1532 3635; baseline 0.005 -3"><span class='ocrx_word' id='word_1_294' title='bbox 1140 3590 1158 3614; x_wconf 84' lang='lat'>¹</span> <span class='ocrx_word' id='word_1_295' title='bbox 1188 3591 1291 3634; x_wconf 84' lang='lat' dir='ltr'>Dec.</span> <span class='ocrx_word' id='word_1_296' title='bbox 1312 3592 1369 3634; x_wconf 85' lang='lat' dir='ltr'>X.</span> <span class='ocrx_word' id='word_1_297' title='bbox 1391 3605 1434 3633; x_wconf 89' lang='lat' dir='ltr'>n.</span> <span class='ocrx_word' id='word_1_298' title='bbox 1469 3594 1532 3635; x_wconf 89' lang='grc'>10.</span> 
     </span>
    </p>
   </div>
   <div class='ocr_carea' id='block_1_9' title="bbox 2500 334 2514 780">
    <p class='ocr_par' dir='ltr' id='par_1_9' title="bbox 2500 334 2514 780">
     <span class='ocr_line' id='line_1_38' title="bbox 2500 334 2514 780; textangle 90"><span class='ocrx_word' id='word_1_299' title='bbox 2509 772 2514 780; x_wconf 88' lang='grc'>.</span> <span class='ocrx_word' id='word_1_300' title='bbox 2504 709 2514 758; x_wconf 46' lang='grc' dir='ltr'>νηὸν.</span> <span class='ocrx_word' id='word_1_301' title='bbox 2500 654 2514 682; x_wconf 60' lang='lat'>-.⁴2</span> <span class='ocrx_word' id='word_1_302' title='bbox 2504 563 2514 647; x_wconf 60' lang='lat' dir='ltr'>‚nnn—u</span> <span class='ocrx_word' id='word_1_303' title='bbox 2500 334 2514 558; x_wconf 41' lang='lat' dir='ltr'>*uA-..ssa—‘A-naebss</span> 
     </span>
    </p>
   </div>
  </div>
 </body>
</html>
