2514 4504
492 404 575 466 84
1070 414 1225 458 οοΝο.
1271 413 1437 457 PRov.
1479 412 1703 456 was'rM.
1746 413 1784 453 1.

486 564 669 617 Sacrae
695 558 1147 631 CongregationiS,
1171 556 1400 625 benigne
1423 555 1615 606 annuit
1647 554 1707 604 in
1743 552 1986 604 omnibus
2013 552 2175 621 juxta
2197 570 2394 622 preces,

484 647 755 701 contrariis
781 646 1182 714 quibuscunque
1205 657 1312 692 non
1337 639 1686 692 obstantibus·

626 733 826 783 Datum
875 724 1092 790 Romae,
1134 744 1199 778 ex
1245 725 1480 776 Aedibus
1523 723 1663 775 Sacr.
1706 721 1896 792 Congr.
1939 723 2005 774 de
2046 722 2394 794 Propaganda

486 820 634 882 Fide,
667 819 733 867 14
758 816 912 877 Maii,
943 815 1098 864 1853.
1766 809 1769 811 ’

632 902 811 955 Gratis
838 902 949 951 sine
974 898 1086 949 ulla
1111 896 1326 948 omnino
1351 895 1612 947 solutione
1637 910 1953 962 quocunque
1976 893 2156 946 titulo·

1610 999 1696 1050 Al.
1722 999 2004 1064 BARNABb,
2027 1015 2065 1052 a
2087 997 2319 1054 secretis.

591 1079 654 1130 L.
679 1074 752 1147 »ζα
776 1075 832 1128 S.

1383 1331 1497 1386 111.
1552 1383 1557 1386 .

702 1484 1133 1541 ASSIGNATIO
1195 1483 1671 1536 ANTIPHONAE
1732 1479 2172 1535 PECULIARIS

829 1646 877 1694 S.
925 1643 1218 1694 GEORGIO
1263 1642 1332 1690 M.
1380 1641 1684 1691 ANGLIAE
1728 1640 2055 1690 PATRONO.

481 1791 795 1844 Beatissime
819 1790 995 1853 Pater,

625 1875 1063 1942 Archiepiscopus
1086 1871 1662 1925 westmonasteriensis
1699 1875 1756 1924 et
1792 1872 2045 1940 Episcopi
2075 1871 2391 1945 suffraganei

479 1964 539 2014 in
579 1961 815 2013 Concilio
853 1958 1165 2027 provinciali
1207 1957 1416 2008 collecti
1459 1957 1762 2008 humillime
1812 1957 2118 2024 supplicant
2165 1963 2230 2010 ut
2267 1958 2390 2011 S.V.

480 2047 710 2114 benigne
746 2046 1013 2112 dignetur,
1061 2060 1166 2111 quo
1205 2042 1480 2110 specialior
1516 2041 1570 2094 S.
1622 2041 1851 2112 Georgio
1886 2042 2113 2112 Angliae
2160 2043 2392 2096 Patrono

480 2133 747 2184 tribuatur
783 2130 977 2192 cultus,
1003 2132 1059 2179 et
1095 2128 1332 2178 confusio
1369 2127 1636 2178 devitetur
1671 2127 1730 2176 in
1767 2128 2131 2179 concurrentia
2167 2129 2392 2181 aliarum

481 2215 1063 2277 commemorationum,
1106 2213 1384 2264 extendere
1426 2213 1494 2263 ad
1537 2228 1717 2263 omnes
1750 2212 1976 2282 Angliae
2008 2213 2280 2266 Dioeceses
2307 2215 2393 2266 in-

482 2303 695 2355 dultum
720 2288 1022 2352 concessum
1058 2315 1152 2366 per
1175 2298 1446 2349 decretum
1472 2297 1526 2349 S.
1555 2296 1990 2367 Congregationis
2023 2298 2392 2351 Sanctissimo-

479 2406 599 2440 rum
625 2387 854 2438 Rituum
879 2385 976 2436 sub
1000 2385 1087 2435 die
1121 2386 1188 2434 22
1220 2383 1254 2435 J
1257 2384 1480 2446 anuarii,
1509 2385 1666 2446 1852,
1692 2384 1843 2451 cujus
1868 2384 1923 2434 vi
1947 2384 2055 2435 fuit
2077 2385 2392 2452 permissum

479 2473 541 2524 in
575 2471 815 2522 Dioecesi
852 2469 1379 2536 Northamptonensi,
1404 2472 1469 2519 ut
1503 2468 1713 2519 recitari
1750 2468 1919 2535 possit
1954 2469 2023 2519 ad
2046 2469 2300 2537 Vesperas
2336 2474 2393 2521 et

481 2558 689 2608 Laudes
726 2557 785 2606 in
822 2555 1085 2624 suffragiis
1120 2553 1251 2604 haec
1289 2555 1756 2604 commemoratio:
1813 2554 2139 2621 antiphona:
2196 2553 2393 2607 Sambi

477 2654 581 2708 per
591 2637 771 2706 fidem
794 2634 1048 2687 vicerunt
1070 2651 1260 2702 regma,
1286 2632 1502 2703 operati
1525 2638 1663 2685 sunt
1687 2633 1998 2702 justitiam,
2029 2634 2222 2704 adepti
2254 2641 2391 2688 sunt

481 2716 974 2789 repromissione&
993 2722 1053 2789 Y.
1080 2715 1249 2770 Scuto
1286 2716 1457 2769 bonae
1492 2715 1800 2770 voluntatis
1836 2721 1980 2770 tuae.
2006 2723 2068 2782 Bo,
2100 2716 2393 2772 Coronasti

484 2822 631 2869 cum,
655 2803 913 2867 Domine,
938 2822 1060 2855 cum
1085 2804 1318 2854 oratione
1343 2808 1610 2873 consueta.

627 2891 711 2940 Ex
735 2889 1009 2954 audientia
1035 2888 1386 2952 Sanctissimi,
1409 2888 1594 2939 habita
1619 2889 1704 2940 die
1734 2891 1798 2939 13
1824 2889 2027 2953 Martii,
2060 2892 2215 2943 1853.

629 2975 1003 3027 Sanctissimus
1026 2973 1288 3024 Dominus
1311 2973 1502 3024 Noster
1520 2973 1650 3025 Pius
1674 2974 1858 3026 divina
1881 2974 2222 3027 Providentia
2245 2975 2394 3045 Papa

485 3062 606 3132 IX„
642 3061 897 3111 referente
932 3076 1019 3109 me
1054 3059 1387 3126 infrascripto
1425 3058 1478 3110 S.
1507 3057 1564 3110 C.
1589 3060 1656 3111 de
1685 3059 2031 3129 Propaganda
2063 3061 2196 3112 Fide
2232 3079 2394 3114 secre-

489 3148 639 3209 tari0,
658 3162 834 3213 preces
859 3160 1014 3211 supra
1038 3144 1343 3210 descriptas,
1366 3159 1463 3193 nec
1486 3159 1594 3194 non
1619 3148 1806 3195 votum
1837 3145 2393 3199 Eminentissimorum

487 3230 597 3282 PP.
637 3230 823 3281 Sacrae
860 3227 1290 3297 Congregationis
1326 3228 1554 3296 benigne
1589 3230 1815 3296 excepit,
1851 3233 1908 3280 et
1935 3230 1995 3281 in
2017 3232 2264 3282 omnibus
2299 3250 2394 3301 pro
2495 3297 2500 3300 μ

489 3308 660 3387 gratia
702 3313 892 3365 annuit
926 3313 1086 3380 juxta
1123 3314 1327 3380 petita:
1373 3314 1646 3364 contrariis
1682 3314 2082 3383 quibuscunque
2118 3315 2260 3368 haud
2302 3318 2396 3370 ob-

489 3400 768 3455 stantibus.

633 3480 757 3536 Dat.
782 3501 845 3534 ex
866 3484 993 3534 Aed.
1021 3483 1074 3535 S.
1102 3481 1158 3534 C.
1185 3483 1251 3534 de
1275 3483 1620 3553 Propaganda
1644 3485 1797 3548 Fide,
1821 3483 1910 3536 die
1940 3487 2004 3536 14
2028 3486 2183 3550 Maii,
2213 3458 2367 3540 18'53.

637 3570 815 3622 Gratis
840 3570 951 3620 sine
974 3568 1086 3618 ulla
1110 3568 1325 3619 omnino
1349 3568 1612 3620 solutione
1636 3587 1951 3644 quocunque
1974 3571 2154 3623 titulo.

1613 3674 1695 3726 Al.
1724 3674 2006 3739 BARNABo,
2031 3692 2068 3728 a
2091 3675 2320 3734 secretis.

746 3746 808 3796 L.
834 3743 906 3816 »χε
931 3745 983 3798 S.
