2514 4504
431 355 557 417 410
1186 370 1430 416 Annmo
1471 371 1598 415 V11.x

1337 538 1413 586 H.

675 677 1072 732 SUPREMAE
1124 674 1396 728 SAORAE
1446 675 2088 731 GONGREGATIONIS

509 819 572 858 IN
573 818 836 858 STRUCTIO
878 817 956 856 AD
997 816 1343 856 PROBANDUM
1391 817 1561 857 OBITU
1561 817 1607 856 M
1653 817 1923 857 ALICUJUS
1960 816 2243 858 OONJUGIS.

564 951 903 1004 Matrimonii
921 951 1134 1002 vinculo
1154 950 1283 1001 duos
1302 949 1674 1001 tantummodo
1711 952 1747 980 ‘⁶
1763 948 1970 1000 Christo
1994 948 2073 999 ita
2091 947 2327 1012 docente,

422 1043 456 1069 “
472 1039 723 1106 copulari,
749 1041 804 1089 et
827 1037 1079 1105 conjungi
1102 1053 1268 1104 posse,
1293 1035 1546 1087 alterutro
1583 1052 1702 1086 vero
1743 1033 1968 1103 conjuge
1990 1035 2104 1084 vita
2126 1033 2328 1099 functo,

422 1128 456 1155 “
474 1125 743 1187 secundaS,
787 1124 896 1174 imo
941 1127 997 1174 et
1038 1123 1311 1174 ulteriores
1358 1122 1576 1189 nuptias
1625 1121 1801 1171 licitas
1850 1137 1976 1184 esse,
2024 1120 2327 1188 dogmatica

422 1213 456 1240 “
471 1209 737 1260 Ecclesiae
764 1207 1066 1260 Catholicae
1090 1198 1330 1259 doctrina
1354 1206 1482 1258 est.’'
1814 1251 1817 1255 .
2376 1194 2382 1201 ”

563 1295 762 1346 Verum
787 1295 856 1345 ad
881 1294 1148 1357 secundaS,
1174 1298 1230 1344 et
1253 1293 1525 1344 ulteriores
1556 1291 1774 1360 nuptias
1797 1292 1939 1359 quod
1963 1291 2179 1354 attinet,
2201 1307 2327 1349 cum

420 1381 487 1432 de
520 1397 576 1432 re
618 1384 826 1449 agatur,
862 1397 999 1448 quae
1035 1378 1438 1430 difficultatibus
1487 1394 1548 1429 ac
1597 1378 1868 1429 fraudibus
1906 1377 2049 1429 haud
2090 1393 2203 1431 raro
2246 1379 2327 1428 est

423 1466 664 1529 obnoxia,
689 1466 814 1517 hinc
841 1465 1036 1516 Sancta
1062 1463 1220 1521 Sedes
1246 1463 1425 1515 sedulo
1450 1463 1656 1519 curavit
1669 1463 1828 1514 modo
1844 1461 2327 1514 Constitutionibus

421 1551 764 1620 generalibUS,
805 1550 1012 1617 saepius
1054 1554 1236 1600 autem
1278 1550 1534 1617 responsis
1577 1549 1636 1599 in
1677 1548 1882 1599 casibus
1922 1546 2327 1616 particularibus

420 1636 577 1699 datiS,
600 1638 666 1685 ut
688 1634 903 1685 libertas
926 1650 1086 1685 novas
1109 1634 1325 1702 nuptias
1348 1633 1567 1685 ineundi
1604 1634 1684 1684 ita
1707 1634 1900 1700 cuique
1923 1632 2066 1684 salva
2087 1634 2238 1696 esset,
2261 1633 2328 1683 ut
2363 1630 2372 1693 ἲ

419 1728 658 1796 predicta
682 1726 1015 1778 matrimonii
1039 1725 1217 1777 unitas
1242 1726 1302 1775 in
1327 1725 1608 1776 discrimen
1631 1741 1739 1776 non
1762 1725 2122 1776 adduceretur.

564 1813 699 1864 Inde
723 1811 1016 1863 constituta
1042 1809 1316 1862 Sacrorum
1355 1809 1647 1874 Canonum‚
1673 1810 1881 1878 quibus,
1913 1813 1980 1861 ut
2019 1810 2137 1878 quis
2159 1809 2327 1878 possit

422 1898 571 1949 licite
594 1898 663 1948 ad
687 1898 793 1947 alia
817 1900 940 1948 vota
964 1897 1202 1958 transire,
1228 1895 1461 1965 exigitur
1483 1896 1626 1964 quod
1648 1897 1714 1947 de
1732 1899 1902 1948 morte
1925 1896 2162 1964 conjugis
2185 1898 2326 1948 certo

420 1987 644 2046 constet,
683 1983 770 2033 uti
808 1999 923 2050 cap.
963 1979 1250 2033 Dominus
1290 1980 1355 2033 de
1393 1979 1646 2034 secundis
1688 1979 1935 2052 nuptiis,
1959 1981 2044 2032 vel
2082 1982 2223 2049 quod
2260 1981 2326 2033 de

419 2069 535 2136 ipsa
557 2071 729 2119 morte
752 2067 1038 2135 recipiatur
1061 2070 1270 2118 certum
1308 2065 1591 2119 nuncium
1634 2067 1717 2118 uti
1744 2065 1870 2134 Cap.
1894 2065 1971 2118 In
1987 2064 2325 2136 praesentia,

419 2153 499 2207 De
523 2151 896 2223 sponsalibus,
940 2156 990 2204 et
1027 2150 1433 2216 mtrimonii&
1525 2153 1658 2204 Inde
1700 2153 1864 2204 etiam
1906 2169 1968 2204 ea
1991 2169 2126 2221 quae
2147 2153 2325 2221 expla-

420 2242 600 2291 natius
648 2239 929 2290 traduntur
975 2239 1035 2289 in
1077 2238 1435 2290 Instructione
1482 2242 1516 2268 ‘⁶
1535 2236 1678 2291 Cum
1729 2236 1922 2302 alias?
1971 2240 2035 2288 21
2092 2239 2325 2308 Augusti

426 2324 581 2389 1670,
606 2342 638 2376 a
664 2323 935 2377 Clemente
958 2324 1029 2376 X.
1056 2325 1275 2388 sancita,
1300 2325 1428 2375 etin
1444 2323 1679 2376 Bullario
1694 2324 1931 2376 Romano
1954 2325 2149 2376 inserta
2173 2342 2326 2392 super

421 2412 662 2462 examine
701 2409 944 2462 Testium
982 2426 1076 2477 pro
1114 2410 1470 2461 matrimoniis
1513 2410 1879 2461 contrahendis
1920 2410 1978 2460 in
2018 2408 2175 2461 Curia
2199 2410 2324 2462 Esni

420 2496 619 2547 Vicarii
645 2495 819 2558 Urbis,
845 2499 898 2546 et
942 2499 1263 2546 coeterorum
1307 2493 1717 2547 Ordinariorum.
1790 2494 2024 2546 Maxime
2047 2513 2168 2547 vero
2190 2512 2323 2564 quae

421 2582 636 2653 propius
660 2581 728 2631 ad
751 2598 862 2632 rem
887 2581 1139 2631 facientia
1163 2580 1241 2631 ibi
1265 2580 1527 2631 habentur
1549 2595 1652 2632 πη.
1676 2580 1750 2632 12
1773 2585 1821 2632 et
1845 2580 1934 2633 13.

565 2666 640 2716 Et
676 2665 805 2716 haec
848 2665 1063 2732 quidem
1102 2665 1312 2716 abunde
1351 2665 1646 2716 sufficerent
1683 2665 1728 2716 si
1763 2666 1822 2716 in
1859 2666 2119 2734 ejusmodi
2154 2668 2340 2718 causis}

421 2750 748 2819 peragendiS‚
767 2749 1089 2812 omnimoda,
1108 2753 1164 2799 et
1187 2749 1428 2800 absoluta
1452 2749 1714 2800 certitudo
1738 2749 1804 2800 de
1828 2750 2045 2803 alterius
2070 2750 2322 2822 Conjugis

422 2836 574 2887 obitu
615 2835 794 2885 haberi
837 2851 1036 2901 semper
1077 2837 1284 2901 posset3
1340 2835 1429 2885 sed
1471 2851 1594 2885 cum
1635 2835 1694 2885 id
1734 2851 1840 2886 non
1883 2836 2059 2887 sinant
2106 2854 2320 2889 casuum

421 2920 801 2989 propemodum
839 2919 1083 2969 infinitae
1121 2920 1261 2970 vices
1299 2917 1466 2988 (quod
1503 2920 1764 2988 sapienter
1798 2921 2216 2973 animadversum
2241 2926 2332 2974 est*

421 3007 481 3057 in
504 3006 722 3056 laudata
746 3005 1100 3055 Instructione
1123 3005 1207 3055 his
1231 3005 1432 3057 verbis:
1471 3009 1504 3036 ‘⁶
1522 3003 1588 3057 So:
1613 3009 1799 3058 tamen
1823 3003 2151 3073 hujusmodi
2174 3006 2322 3059 testi·-

423 3095 457 3122 “
471 3088 666 3142 ‘monia
715 3086 902 3141 haberi
925 3106 1044 3141 ‘non
1062 3094 1324 3158 possunt,
1349 3089 1524 3143 Sacra
1551 3088 1910 3158 Gonyreyatio
1933 3107 2054 3143 ‘no‘n
2075 3089 2323 3144 intendit

422 3181 456 3208 ‘⁶
473 3174 753 3228 excludere
775 3171 921 3226 alias
939 3173 1314 3243 probationes,
1340 3192 1481 3244 quae
1515 3175 1580 3228 de
1601 3175 1734 3244 jure
1767 3175 2055 3228 communi
2078 3182 2322 3246 possunt

423 3267 456 3295 ‘⁶
471 3260 718 3325 admitti,
753 3259 1058 3313 dummodo
1093 3259 1371 3328 leyitimae
1404 3259 1539 3324 sint,
1567 3265 1614 3313 et
1641 3259 2030 3331 sufficientes&
2068 3265 2319 3330 sequitur,

422 3349 563 3417 quod
605 3348 869 3399 stantibus
911 3347 1037 3398 licet
1085 3347 1361 3414 principiis
1410 3347 1736 3416 generalibus
1783 3348 2129 3415 praestitutis,
2177 3349 2319 3401 haud

421 3451 534 3486 raro
553 3449 699 3484 casus
719 3434 986 3496 eveniunt,
1005 3433 1063 3482 in
1081 3433 1272 3499 quibus
1292 3432 1777 3484 Ecclesiasticorum
1792 3433 2101 3484 Praesidum
2110 3432 2318 3501 judicia

405 3519 628 3570 'haerere
653 3517 821 3569 solent
845 3519 904 3568 in
927 3534 1048 3569 vera
1063 3517 1325 3585 justaque.
1338 3519 1652 3586 probatione
1667 3519 2035 3587 dignoscenda,
2059 3535 2134 3575 ac,
2149 3523 2319 3571 statu-

424 3604 575 3667 enda,
598 3603 709 3654 imo
733 3620 826 3671 pro
852 3620 1055 3655 summa
1079 3603 1174 3654 illa
1198 3604 1475 3669 facilitate,
1500 3621 1635 3672 quae
1659 3609 1835 3657 aetate
1857 3609 2034 3657 nostra
2057 3605 2203 3657 facta*
2220 3608 2318 3667 est,
