2514 4504
483 428 563 494 70
1059 441 1221 484 cono.
1263 441 1429 483 Pssov.
1478 436 1707 480 wus'rM.
1759 439 1797 480 1.

1314 606 1528 658 XVIII.

883 747 981 797 DE
1030 744 1283 796 FESTIS
1334 743 1427 795 SS.
1478 740 1983 794 PATRONORUM

770 873 849 913 AD
885 870 1207 911 DOMINICAM
1244 868 1575 916 SEQUENTEM
1610 865 2074 906 TRANSFERENDIS.

471 995 784 1046 Beatissime
808 993 985 1056 Pater,

613 1078 1045 1145 Archiepiscopus
1070 1081 1126 1127 et
1151 1075 1402 1143 Episcopi
1430 1073 1728 1126 Concilium
1751 1073 2074 1140 provinciale
2097 1075 2156 1126 in
2179 1073 2376 1144 Anglia

470 1164 738 1226 habenteS,
776 1180 898 1213 cum
932 1162 1267 1212 devotionem
1305 1177 1427 1228 erga
1454 1159 1547 1210 88.
1575 1159 1829 1208 Patronos
1864 1175 1958 1226 per
1981 1158 2233 1228 Angliam
2254 1175 2375 1228 pro-

470 1265 675 1299 movere
717 1251 988 1315 exoptant,
1027 1263 1120 1314 pro
1164 1245 1386 1312 singulis
1427 1243 1702 1311 Episcopis
1727 1243 2039 1294 facultatem
2076 1247 2272 1312 petunt
2307 1247 2375 1296 ut

470 1333 744 1401 indulgere
786 1332 1006 1400 possint,
1050 1332 1144 1382 ubi
1195 1330 1439 1397 expedire
1484 1329 1863 1395 judicaverint,
1905 1330 2047 1396 quod
2086 1329 2375 1381 celebretur

470 1418 633 1468 Missa
660 1417 712 1469 8.
740 1417 960 1468 Patroni
985 1416 1088 1467 loci
1114 1415 1198 1466 vel
1237 1414 1419 1466 Sancti
1458 1414 1555 1464 sub
1589 1413 1740 1481 cujus
1783 1414 2117 1466 invocatione
2156 1414 2375 1466 ecclesia

470 1503 761 1566 constit-uta
805 1502 1005 1564 existit,
1049 1500 1347 1551 Dominica'
1372 1499 1609 1567 proxime
1658 1498 1901 1565 sequenti
1950 1499 2147 1550 festum
2194 1499 2373 1567 ipsum

468 1588 663 1654 absque
704 1586 814 1637 ulla
856 1586 1229 1636 immutatione
1278 1586 1336 1635 in
1383 1584 1597 1651 reliquis
1646 1583 1807 1634 officii
1857 1585 2131 1648 currentis,
2178 1588 2234 1635 et
2273 1584 2372 1635 hoc

469 1673 677 1723 etiamsi
717 1675 967 1738 patronus
1008 1670 1204 1720 electus
1242 1686 1349 1720 non
1382 1669 1545 1719 fuerit
1581 1669 1649 1719 ad
1674 1669 1950 1720 tramitem
1974 1669 2374 1721 constitutionis

471 1756 672 1807 Urbani
709 1756 847 1806 VIII
886 1773 1038 1822 super
1075 1754 1334 1823 eligendis
1370 1753 1623 1822 patroniS,
1660 1753 1746 1804 vel
1781 1753 1993 1805 etiamsi
2025 1753 2244 1806 ecclesia
2265 1770 2372 1807 non

470 1841 633 1891 fuerit
661 1844 975 1891 consecrata.

611 1926 692 1974 Ex
718 1925 993 1975 audientia
1019 1923 1352 1975 Sanctissimi
1377 1923 1561 1974 habita
1585 1923 1672 1974 die
1701 1925 1767 1974 13
1792 1924 1999 1988 Martii,
2030 1926 2184 1988 1853,

612 2009 987 2060 Sanctissimus
1043 2007 1306 2059 Dominus
1368 2008 1559 2059 Noster
1606 2009 1738 2060 Pius
1796 2010 1979 2060 divina
2038 2009 2374 2077 providentia

467 2094 575 2144 ΡΡ.
620 2093 720 2156 ΙΧ,
763 2094 1019 2143 referente
1050 2110 1137 2143 me
1172 2093 1505 2160 infrascripto
1543 2093 1596 2145 S.
1625 2093 2060 2163 Congregationis
2084 2094 2150 2145 de
2175 2094 2373 2163 Propa-

467 2179 641 2247 ganda
682 2177 816 2228 Fide
851 2178 1141 2240 secretario,
1181 2183 1341 2244 atque
1378 2182 1587 2230 attento
1633 2179 1747 2230 EE.
1786 2179 1895 2229 ΡΡ.
1923 2177 1977 2229 8.
2010 2177 2068 2230 C.
2106 2179 2373 2250 suffragiu,

466 2265 695 2331 benigne
738 2263 946 2326 annuit,
991 2263 1277 2314 dummodo
1318 2279 1425 2314 non
1468 2267 1659 2332 agatur
1701 2265 1767 2316 de
1809 2264 2093 2316 Dominica
2116 2265 2202 2316 vel
2237 2266 2373 2318 festo

467 2351 769 2399 occurrente
792 2365 856 2397 ex
881 2347 1307 2398 solemnioribus:
1344 2348 1403 2399 id
1427 2365 1549 2400 vero
1572 2349 1832 2417 permisit,
1857 2350 2132 2401 contrariis
2155 2351 2372 2419 quibus-

468 2450 695 2499 cumque
719 2431 862 2483 haud
888 2433 1235 2484 obstantibus·

610 2517 736 2568 Dat.
786 2517 985 2568 Romae
1009 2535 1073 2568 ex
1095 2517 1228 2571 Aed.
1263 2517 1395 2570 dict.·
1420 2517 1475 2570 S.
1503 2516 1955 2589 CongregationiS,
1992 2515 2079 2571 die
2110 2521 2175 2570 14
2211 2519 2369 2586 Maii,

477 2604 631 2653 1853.
1898 2625 1901 2627 “

614 2757 661 2808 L
702 2755 756 2808 ,Β
781 2756 820 2811 S
1484 2688 1569 2740 Al.
1607 2689 1889 2755 BARNABb,
1923 2705 1962 2741 a
1992 2685 2226 2743 secretis.

1304 2941 1463 2993 XIX.

473 3067 1033 3122 INDULGENTIAE
1060 3067 1143 3118 IN
1166 3067 1416 3120 FESTIS
1445 3067 1498 3120 S.
1515 3067 1830 3121 GEORGII
1855 3069 1950 3120 ΕΤ
1969 3067 2021 3122 S.
2040 3067 2382 3121 PATRITII.

472 3184 785 3235 Beatissime
811 3184 988 3246 Pater,

613 3276 696 3325 Ad
719 3275 1127 3342 promovendam
1153 3275 1489 3326 devotionem
1515 3293 1637 3344 erga
1664 3275 1718 3328 8.
1753 3276 2045 3328 Patritium
2083 3275 2373 3327 Hiberniae

470 3359 799 3427 Apostolum,
837 3363 889 3408 et
935 3358 987 3410 8.
1015 3358 1302 3428 Georgium
1336 3360 1559 3428 Angliae
1599 3361 1909 3424 Patronum,
1934 3360 2369 3427 Archiepiscopus

470 3444 1037 3496 Westmonasteriensis
1061 3448 1117 3494 et
1150 3444 1400 3511 Episcopi
1443 3445 1685 3513 Angliae,
1713 3444 2011 3497 Concilium
2050 3445 2371 3513 provinciale

474 3530 739 3591 habenteS,
763 3531 959 3595 petunt
982 3527 1042 3577 in
1066 3531 1384 3594 perpetuum
1409 3529 1802 3597 indulgentiam
1842 3530 2134 3596 plenariam
2170 3531 2372 3581 anima-

471 3615 569 3665 bus
593 3613 959 3663 defunctorum
984 3611 1373 3677 applicabilem,
1399 3612 1704 3663 lucrandam
1729 3613 1796 3663 ab
1828 3614 1894 3664 iis
1933 3614 2178 3664 omnibus
2210 3615 2303 3681 qui
2339 3631 2372 3664 a

473 3698 656 3770 primis
681 3697 906 3770 vesperis
931 3713 1094 3769 usque
1118 3697 1182 3745 ad
1211 3710 1449 3746 occasum
1477 3696 1597 3747 solis
1621 3697 1874 3754 festorum
1899 3696 1954 3749 8.
1982 3697 2198 3768 Georgii
2223 3703 2277 3748 et
2315 3698 2369 3754 S.
