2514 4504
390 408 508 469 166
939 429 1096 469 coxo.
1146 428 1316 469 PRov.
1363 427 1579 468 wser.
1633 427 1712 465 111.

380 576 434 623 et
458 572 577 623 aliis
613 573 944 640 praescriptis
982 572 1338 640 temporibus3
1377 572 1616 639 frequens
1659 572 1900 621 omnium
1941 568 2272 635 communic,

379 660 434 708 et
475 657 613 707 inter
657 658 1047 708 Ecclesiasticos
1091 657 1330 708 alumnos
1374 656 1579 724 saepius
1622 656 1786 706 etiam
1829 655 1886 705 in
1927 654 2274 717 hebdomada,

378 756 499 789 cum
525 740 733 806 praevio
759 740 826 789 ad
853 739 1068 791 Sacrum
1107 739 1471 791 Poenitentiae
1507 738 1740 789 tribunal
1776 755 2018 799 accessu3
2055 739 2274 790 tandem

378 825 623 875 exercitia
649 824 946 892 spiritualia
970 825 1195 892 rigorose
1221 825 1418 875 tradita
1440 828 1496 875 et
1520 829 1761 891 peracta3
1795 841 1860 874 en
1877 840 2011 891 quae
2030 823 2274 875 omnibus

380 910 526 960 laicis
566 914 622 959 et
661 909 862 959 clericis
906 914 1031 959 sunt
1073 911 1393 973 communia,
1429 909 1622 976 quibus
1661 909 1869 960 demere
1909 908 2144 978 quidem,
2168 925 2274 961 non

381 1012 498 1045 vero
522 995 711 1045 addere
736 994 890 1044 facile
913 999 1062 1047 esset.
1942 980 1944 983 V

1167 1189 1348 1242 PARS
1410 1189 1487 1243 ΙΙ.

414 1324 491 1376 De
526 1323 603 1376 iis
641 1342 781 1392 quae
816 1323 1163 1392 suyyere‘nda
1198 1321 1465 1376 videntur
1494 1339 1605 1393 pro
1634 1319 1844 1392 ‘majori
1870 1320 2240 1394 Oolleqiovum
2273 1393 2280 1400 ι

914 1425 1427 1481 Ecclesia-eticorum
1458 1426 1737 1498 profectu.

522 1547 757 1599 Facilius
796 1548 1014 1616 quidem
1058 1551 1140 1599 est
1186 1547 1421 1599 defectus
1462 1548 1756 1616 prospicere
1793 1552 1849 1600 et
1884 1552 2068 1601 notare
2114 1565 2276 1618 quam

376 1632 565 1683 iisdem
606 1634 901 1686 remedium
944 1650 1220 1701 apponere.
1295 1633 1441 1685 Illud
1484 1634 1702 1701 quidem
1752 1636 1994 1687 omnium
2037 1639 2135 1698 est,
2176 1635 2275 1688 hoc

376 1734 676 1785 paucorum.
752 1718 858 1771 Sed
896 1719 940 1769 si
976 1719 1033 1770 in
1058 1719 1308 1787 praefatis
1333 1719 1607 1771 videamur
1632 1720 1866 1788 elogium
1892 1721 2276 1789 quodammodo

383 1806 678 1854 nostrorum
717 1803 1068 1872 Collegiorum
1105 1805 1450 1869 contexuisse,
1489 1806 1667 1873 potius
1704 1822 1864 1874 quam
1910 1807 2044 1857 vitia
2098 1806 2277 1875 aliqua

378 1888 453 1940 eis
478 1889 818 1940 adhaerentia
854 1890 939 1941 vel
976 1890 1209 1942 maculas
1247 1890 1438 1942 saltem
1475 1891 1649 1959 digito
1686 1897 2017 1954 monstrasse,
2045 1893 2100 1943 id
2137 1878 2276 1944 certe

378 1996 485 2030 non
509 1983 590 2030 est
613 1997 710 2030 nec
735 1981 932 2031 mentis
957 1980 1205 2032 caecitati
1230 1997 1403 2048 neque
1427 1981 1660 2032 incuriae
1696 1981 2056 2032 tribuendum.
2133 1980 2277 2042 Quae

378 2068 521 2119 enim
569 2067 824 2119 hactenus
872 2069 1019 2120 dicta
1069 2072 1195 2119 sunt
1242 2069 1570 2121 solummodo
1625 2070 1900 2120 insinuant
1948 2070 2083 2120 vitia
2129 2069 2278 2120 nulla

378 2153 599 2204 existere
648 2170 784 2221 quae
832 2154 1145 2205 eradicanda
1197 2154 1282 2208 vel
1341 2155 1586 2206 funditus
1645 2154 1924 2206 evertenda
1983 2155 2276 2206 videantur.

376 2239 628 2290 Defectus
665 2256 787 2308 ergo
822 2241 1003 2307 potius
1039 2240 1233 2308 quibus
1271 2239 1645 2308 supplendum,
1670 2256 1832 2307 quam
1869 2239 2011 2292 mala
2047 2240 2278 2292 sananda

377 2324 542 2375 Nobis
567 2330 861 2376 occurrunt.
934 2325 1015 2376 De
1038 2324 1121 2376 his
1146 2342 1268 2393 ergo
1292 2341 1461 2393 pauca
1485 2325 1740 2376 dicamus·

522 2410 567 2460 Ι.
620 2411 693 2461 Et
709 2412 880 2478 primo
904 2411 1120 2479 quidem
1145 2411 1239 2462 ubi
1263 2411 1567 2479 praesertim
1591 2410 1845 2462 laicorum
1870 2411 2042 2462 multo
2068 2414 2281 2479 superat

382 2493 699 2546 Clericorum
748 2513 1048 2559 numerum,
1096 2495 1311 2547 difficile
1370 2500 1452 2547 est
1512 2497 1760 2564 spiritum
1808 2497 2138 2547 mundanum
2192 2513 2280 2547 ex·
2300 2555 2313 2566 ι

381 2584 606 2646 cludere,
643 2582 737 2649 qui
775 2586 949 2633 totam
990 2582 1210 2633 domum
1253 2582 1448 2633 sensim
1486 2585 1728 2649 penetret
1767 2582 1920 2650 eique
1963 2582 2278 2633 dominetur.

381 2669 719 2736 Experientia
743 2684 836 2718 nos
861 2667 1044 2718 docuit
1076 2666 1368 2719 multorum
1406 2668 1704 2719 vocationes
1739 2668 1982 2736 quamvis
2017 2667 2086 2718 ab
2119 2666 2280 2718 initio

383 2754 510 2805 satis
557 2753 732 2803 firmas
783 2752 943 2803 fuisse
991 2768 1055 2802 ex
1084 2751 1203 2803 ’1100
1257 2753 1515 2803 consortio
1563 2752 1906 2804 labefactatas
1954 2768 2015 2804 ac
2064 2753 2281 2804 demum

384 2838 598 2890 omnino
624 2837 888 2887 corruisse.
963 2835 1067 2888 Sed
1090 2838 1255 2888 etiam
1279 2837 1339 2886 in
1364 2854 1450 2888 eos
1485 2838 1579 2905 qui
1614 2841 1946 2904 perseverant
1979 2837 2280 2888 infunditur

392 2923 674 2991 aliquando
700 2921 1048 2973 saecularium
1073 2939 1246 2973 rerum
1271 2922 1440 2972 nimia
1474 2923 1757 2989 cupiditas,
1799 2939 1935 2990 quae
1970 2922 2142 2973 zelum
2179 2922 2279 2973 Dei

384 3013 440 3059 et
464 3009 760 3059 animarum
786 3006 1119 3058 imminuunt
1142 3010 1199 3057 et
1222 3022 1254 3056 a
1278 3007 1470 3057 studiis
1495 3007 1652 3058 sacris
1676 3007 1963 3058 ad-leviora
1991 3006 2280 3058 abducunt.

529 3093 763 3144 Unicum
806 3109 900 3159 pro
938 3092 1038 3143 hoc
1081 3092 1294 3143 defectu
1331 3093 1622 3143 remedium
1672 3097 1812 3143 certe
1860 3096 1941 3143 est
1990 3091 2282 3161 segregatio

389 3178 704 3231 Clericorum
729 3195 760 3228 a
782 3177 933 3228 laicis
954 3195 967 3237 3
1004 3180 1161 3244 prout
1177 3176 1295 3244 jam
1320 3177 1378 3227 in
1401 3177 1594 3228 Nostra
1620 3176 1829 3245 Synodo
1854 3176 2008 3228 Prov.
2024 3177 2070 3227 Ι.
2089 3176 2282 3246 (XXVI)

387 3265 540 3332 plene
565 3281 626 3314 ac
651 3262 890 3313 consulto
916 3261 1239 3311 declaratum
1277 3267 1370 3313 est.
1446 3262 1520 3312 Et
1555 3279 1731 3314 revera
1766 3264 1825 3313 in
1860 3280 1921 3314 eo
1957 3264 2133 3330 capite
2168 3268 2283 3313 tam

390 3353 627 3400 accurate
652 3352 768 3398 tota
791 3364 870 3397 res
896 3346 1105 3396 videtur
1129 3347 1287 3397 fuisse
1312 3350 1557 3409 tractata,
1583 3351 1647 3398 ut
1672 3348 1836 3398 satius
1862 3348 1933 3398 sit
1956 3348 2024 3398 ad
2054 3364 2115 3398 ea
2151 3363 2283 3415 quae

395 3435 470 3485 ibi
509 3435 713 3484 decreta
753 3435 877 3482 sunt
911 3431 1111 3492 referre,
1137 3448 1295 3498 quam
1333 3431 1535 3498 aliquid
1572 3432 1637 3482 de
1661 3449 1795 3483 novo
1819 3432 2093 3483 declarare.
2167 3431 2285 3482 Hoc
2371 3489 2374 3492 Δ

392 3520 559 3570 solum
597 3518 817 3584 adjungi
855 3520 1046 3582 potest,
1073 3531 1219 3582 spem
1256 3515 1404 3566 nobis
1440 3532 1581 3566 nunc
1611 3516 1863 3584 affulgere
1886 3516 2101 3582 propius
2125 3532 2285 3583 quam

393 3622 514 3654 cum
538 3620 599 3652 ea
631 3602 979 3652 scribebamus
1016 3599 1232 3650 videndi
1271 3599 1566 3651 Seminaria
1602 3601 1659 3650 in
1697 3600 1918 3668 singulis
1955 3600 2286 3651 Dioecesibus

395 3689 631 3739 fundata.
743 3687 890 3736 Tunc
954 3685 1170 3752 qu³dem
1241 3687 1598 3753 unusquisque
1659 3685 1949 3752 Episcopus
2009 3684 2287 3754 invigilare
