2514 4504
373 397 456 458 26
958 413 1117 455 couc,
1163 412 1333 454 Pssov.
1377 410 1596 453 wner.
1642 410 1682 452 1.

367 562 452 613 Ea:
478 579 587 631 quo
610 560 887 629 dilectus),
906 565 965 600 ⁴9⁵
983 577 1076 611 nos
1112 577 1204 627 pro
1241 575 1381 609 mera
1416 558 1672 624 inanique
1710 556 1935 607 formula
1970 555 2266 606 habendam

367 665 475 699 esse
499 653 750 715 putamus
777 647 1059 698 solemnem
1083 645 1232 695 illam
1257 643 1589 695 obedientiae
1609 648 1665 693 et
1688 643 2010 693 reverentiae
2035 642 2265 709 sponsio-

367 750 489 784 nem
529 771 709 785 .....
748 733 989 801 quinimo
1038 732 1262 782 libenter
1311 730 1646 799 agnoscimus
1694 728 2057 796 presbyterum
2105 727 2265 795 hujus

367 819 722 887 promissionis
760 819 955 888 vigore,
994 835 1054 868 ea
1090 817 1203 886 lege
1240 817 1380 867 inter
1416 816 1546 866 alias
1583 815 1900 866 adstrictum
1937 813 2120 877 teneri,
2145 818 2210 864 ut
2232 830 2266 864 a

367 905 577 955 servitio
622 904 902 966 Ecclesiae,
943 905 1029 953 cui
1074 904 1130 953 in
1167 903 1497 953 ordinatione
1533 901 1777 952 addictus
1801 899 1979 964 fuerit,
2003 899 2266 952 discedere

274 991 278 995 ’
369 993 597 1057 nequeat
621 989 816 1057 absque
841 988 1057 1039 licentia
1081 986 1361 1056 episcopi.’'

989 1197 1389 1250 DECRETUM
1450 1193 1635 1249 XXII.

833 1331 914 1385 De
951 1330 1305 1385 Sacramento
1341 1327 1722 1383 Matrimonii.

503 1466 608 1516 Vix
632 1466 780 1517 aliud
818 1470 897 1516 est
933 1466 1196 1516 Ecclesiae
1234 1467 1635 1527 sacramentum,
1674 1465 1811 1516 circa
1834 1465 1986 1517 cuius
2007 1464 2262 1518 adminis-

360 1552 645 1603 trationem
670 1557 783 1602 tam
807 1568 988 1620 graves
1023 1552 1286 1619 insurgere
1321 1550 1526 1618 possint
1562 1549 1917 1614 difficultateS‚
1957 1551 2015 1600 in
2050 1551 2261 1619 regione

359 1639 665 1704 praesertim
705 1637 798 1688 ubi
837 1637 975 1706 leges
1011 1637 1190 1687 civiles
1222 1635 1562 1687 matrimonia
1593 1636 1651 1686 in
1684 1635 1820 1686 facie
1845 1635 2114 1686 Ecclesiae
2138 1651 2260 1686 con—

358 1726 528 1773 tracta
565 1739 672 1773 non
713 1722 1027 1786 admittunt,
1066 1726 1121 1772 et
1162 1722 1255 1773 ubi
1291 1739 1415 1772 cum
1452 1720 1759 1772 acatholicis
1796 1720 1977 1771 fideles
2009 1720 2259 1788 permixti

360 1807 565 1858 vivunt.
641 1807 860 1859 Summa
884 1808 1050 1876 igitur
1074 1824 1195 1857 cum
1220 1807 1503 1874 prudentia
1527 1807 1792 1876 agendum
1818 1810 1899 1857 est
1922 1823 1954 1856 a
1979 1805 2260 1857 sacerdoti-

357 1894 454 1944 bus
479 1910 658 1944 curam
683 1894 980 1943 animarum
1003 1893 1336 1960 habentibu5‚
1372 1893 1431 1944 in
1454 1893 1522 1944 iis
1559 1909 1695 1960 quae
1731 1892 1890 1960 hujus
1929 1890 2258 1943 Sacramenti

357 1979 868 2030 administrationem
892 1979 1196 2045 respiciunt.

404 2121 410 2126 ,
501 2066 548 2115 1.
598 2064 856 2116 Moneant
894 2064 1189 2131 frequenter
1231 2064 1334 2115 sibi
1381 2064 1620 2116 subditos
1669 2064 1732 2115 de
1782 2063 1896 2132 ejus
1947 2063 2252 2127 sanctitate,

355 2153 544 2218 utpote
569 2167 600 2200 a
625 2150 851 2200 Domino
875 2149 1066 2200 Nostro
1091 2149 1127 2200 J
1127 2167 1220 2200 esu
1258 2149 1464 2201 Christo
1500 2151 1763 2213 instituti,
1799 2154 1855 2200 et
1891 2150 2063 2217 primo
2087 2151 2256 2218 ipsius

352 2235 605 2286 miraculo
648 2235 990 2287 cohonestati.
1082 2235 1304 2286 Faciant
1348 2239 1414 2285 ut
1452 2234 1763 2288 abhorreant
1801 2252 1834 2286 a
1873 2236 2080 2303 nuptiis
2122 2235 2282 2309 alias·

354 2337 515 2388 quam
538 2322 649 2371 ritu
674 2316 932 2371 catholico
962 2316 1154 2381 'initis3
1192 2320 1483 2387 acriterque
1520 2337 1606 2372 eos
1642 2320 2028 2388 reprehendant
2064 2321 2160 2389 qui
2196 2321 2255 2372 in

354 2405 553 2472 templo
577 2406 955 2473 protestantico
979 2407 1378 2457 matrimonium
1403 2406 1739 2457 contrahunt.

497 2492 546 2541 2.
598 2489 863 2542 Servanda
902 2491 987 2542 lex
1023 2491 1251 2543 faciendi
1287 2491 1674 2558 publicationes
1698 2491 2158 2542 matrimoniorum
2193 2492 2253 2543 in

354 2572 606 2624 Ecclesia.
678 2574 872 2624 Modus
896 2591 1015 2625 vero
1039 2579 1095 2625 et
1130 2579 1341 2641 tempus
1375 2591 1461 2625 eas
1497 2574 1868 2625 introducendi
1910 2574 2254 2641 relinquenda

353 2659 599 2709 videntur
635 2659 948 2726 prudentiae
985 2659 1310 2728 singulorum
1346 2660 1725 2726 episcoporum,
1754 2675 1848 2726 pro
1872 2659 2090 2714 diversis
2113 2659 2253 2712 loco-

352 2761 471 2794 rum
495 2743 906 2795 circumstantiis
930 2761 1040 2796 rem
1065 2745 1264 2796 diverse
1287 2746 1656 2796 tractantium.

496 2831 546 2879 3.
597 2828 700 2879 Eos
725 2829 819 2896 qui
842 2829 1243 2880 matrimonium
1268 2833 1392 2880 s1mt
1417 2830 1737 2880 contracturi
1761 2828 2070 2881 adhortetur
2087 2846 2252 2883 sacer-

351 2914 461 2976 dos,
520 2917 576 2963 et
624 2915 839 2964 omnino
886 2913 1025 2965 nihil
1072 2915 1401 2966 intentatum
1456 2914 1742 2981 relinquat,
1789 2918 1854 2965 ut
1913 2915 2135 2966 inducat
2181 2916 2252 2968 ad

350 2999 618 3066 praeviam
677 3004 1011 3066 peccatorum
1071 3018 1283 3053 suorum
1344 3000 1739 3065 confessionem,
1798 3003 1855 3051 et
1913 3001 2132 3071 dignam
2194 3000 2249 3055 S.

351 3083 714 3134 Eucharistiae
753 3086 1157 3152 perceptionem.
1340 3077 1346 3083 '

494 3171 545 3218 4.
594 3168 716 3219 Non
764 3170 1050 3221 celebretur
1097 3171 1499 3222 matrimonium
1558 3171 1618 3222 in
1679 3171 1910 3222 ecclesiis
1957 3188 2094 3239 quae
2140 3188 2248 3224 non

349 3250 546 3301 habent
570 3251 670 3300 sibi
695 3267 959 3302 annexum
983 3252 1287 3304 districtum
1311 3254 1562 3323 aliquem,
1577 3270 1701 3307 cum
1725 3270 1849 3304 cura
1873 3255 2171 3306 animarum
2187 3255 2247 3305 in

350 3351 411 3386 eo
437 3335 763 3403 degentium.

491 3421 541 3471 5.
590 3419 748 3470 Liber
771 3422 1228 3475 matrimoniorum
1253 3429 1495 3476 accurate
1518 3428 1763 3475 teneatur
1786 3425 1845 3475 in
1863 3426 2009 3475 omni
2028 3425 2247 3477 ecclesia

348 3505 407 3555 in
431 3504 622 3571 quibus
653 3505 993 3558 celebrantur.

492 3589 540 3639 6.
593 3588 838 3640 Sacerdos
855 3593 1252 3644 matrimonium
1266 3594 1500 3644 mixtum
1525 3611 1632 3645 non
1647 3594 1890 3657 celebret,
1902 3595 2014 3646 sine
2031 3594 2243 3662 praevia

347 3674 685 3741 promissione
711 3674 928 3724 obtenta
954 3680 1065 3726 tam
1090 3694 1121 3727 a
1145 3682 1293 3744 parte
1330 3679 1590 3728 catholica
1614 3695 1774 3744 quam
1799 3696 1831 3728 a
1855 3684 2004 3746 parte
2029 3679 2242 3731 acatho-

347 3759 467 3822 lica,
487 3759 550 3810 de
575 3759 844 3810 educanda
867 3761 1008 3827 prole
1034 3762 1305 3830 utriusque
1330 3780 1480 3814 sexus
1499 3764 1556 3814 in
1574 3763 1825 3832 religione
1850 3762 2128 3828 catholica,
2142 3781 2240 3816 nec
