2514 4504
478 405 559 466 82
1059 423 1221 465 conc.
1268 422 1432 464 psov.
1477 420 1699 463 wns'rM.
1749 420 1785 460 1.

470 574 613 642 apud
647 574 787 642 ipsos
811 575 885 626 rei
919 574 1128 625 decreta
1167 578 1307 624 sunt.
1381 570 1549 623 Juxta
1586 569 1714 621 haec
1750 568 2053 620 firmissima
2084 568 2251 621 immo
2282 585 2374 637 spe

469 659 695 710 nitimur
721 660 826 711 fore
851 664 914 710 ut
939 659 1104 710 iidem
1130 658 1316 709 dilecti
1339 657 1507 708 nostri
1527 657 1585 706 in
1611 653 1819 708 Christo
1852 653 1955 705 filii
1987 655 2082 722 qui
2120 655 2179 705 in
2213 671 2375 722 regno

470 744 696 814 Angliae
746 744 1064 796 catholicam
1099 761 1228 807 rem,
1263 747 1319 794 et
1355 742 1641 792 Antistites
1678 739 1875 792 vicaria
1898 739 2050 791 illam
2086 741 2375 792 autoritate

468 830 800 881 moderantes
829 830 887 880 in
924 833 1079 881 tanta
1111 829 1369 880 varietate
1405 831 1707 895 temporum
1737 826 2080 894 eleemosynis
2115 843 2178 877 ac
2213 826 2376 896 largi-

471 915 707 966 tionibus
733 915 840 966 suis
857 914 1044 982 juvare
1069 931 1363 982 numquam
1389 913 1721 977 destiterant,
1745 911 1849 980 maj
1857 912 1934 963 ori
1970 928 2121 979 porro
2143 910 2377 963 liberali-

471 1004 586 1051 tate
603 1001 749 1050 usuri
767 1001 875 1051 sint
895 1017 1018 1067 erga
1037 999 1325 1067 Episcopos
1350 1000 1490 1067 ipsos
1514 997 1821 1066 Anglicanis
1847 997 2097 1048 Ecclesiis
2116 996 2375 1048 stabiliori

471 1101 612 1135 nunc
638 1085 849 1136 vinculo
875 1085 1137 1153 alligatos,
1164 1101 1268 1152 quo
1306 1084 1506 1134 scilicet
1542 1084 1732 1133 iisdem
1764 1083 1991 1133 minime
2026 1082 2202 1133 desint
2236 1085 2377 1147 tem-

471 1170 671 1238 poralia
705 1170 938 1221 subsidia
975 1171 1033 1220 in
1066 1169 1386 1236 templorum
1419 1173 1476 1219 et
1509 1168 1693 1219 Divini
1719 1167 1894 1218 cultus
1935 1167 2280 1235 splendorem,
2314 1167 2375 1218 in

475 1254 610 1306 Cleri
635 1271 1035 1322 pauperumque*
1064 1254 1522 1316 sustentationem,
1557 1257 1720 1320 atque
1751 1253 1810 1303 in
1842 1253 1972 1303 alios
2007 1269 2133 1304 usus
2166 1252 2377 1304 ecelesi-

472 1342 662 1391 asticos
713 1340 989 1409 eroganda.
1078 1339 1163 1390 Ad
1206 1343 1521 1401 extremum,
1562 1338 1795 1389 levantes
1844 1337 2021 1389 oculos
2067 1342 2270 1389 nostros
2316 1338 2376 1388 in

473 1429 696 1487 monteS,
739 1425 880 1476 unde
924 1425 1105 1476 veniet
1143 1425 1403 1475 auxilium
1429 1423 1597 1474 Nobis
1621 1440 1652 1473 a
1676 1423 1788 1474 Deo
1814 1422 2032 1491 Optimo
2055 1422 2293 1474 Maximo
2317 1424 2376 1475 in

473 1512 619 1561 omni
643 1511 894 1574 oratione,
919 1514 976 1561 et
1000 1503 1369 1572 obsecratione,
1395 1526 1518 1560 cum
1542 1510 1836 1577 gratiarum
1861 1509 2086 1571 actione,
2111 1508 2377 1577 supplices

473 1596 755 1664 poscimUS,
796 1599 861 1646 ut
902 1610 1038 1662 quae
1079 1611 1111 1644 a
1154 1593 1320 1645 Nobis
1358 1611 1451 1661 pro
1496 1593 1761 1645 Ecclesiae
1800 1593 1937 1645 bono
1976 1594 2186 1645 decreta
2233 1599 2376 1659 sunt,

474 1680 660 1731 Divini
703 1680 890 1731 auxilii
933 1680 1015 1730 sui
1058 1681 1258 1730 virtute
1301 1679 1590 1742 confirmet,
1626 1679 1814 1746 iisque,
1856 1680 1923 1730 ad
1964 1697 2094 1748 quos
2134 1697 2309 1732 rerum
2344 1697 2377 1731 a

473 1765 526 1816 N
527 1767 639 1818 obis
681 1766 1006 1818 decretarum
1055 1766 1337 1833 exequutio
1386 1765 1676 1833 plurimum
1718 1766 1965 1833 pertinet,
2003 1766 2206 1834 gratiae
2253 1783 2378 1818 suae

472 1852 628 1903 robur
651 1851 887 1918 adjiciat,
911 1854 977 1901 ut
1000 1855 1236 1918 pascant,
1261 1851 1355 1918 qui
1380 1852 1437 1901 in
1462 1850 1530 1901 iis
1553 1855 1634 1901 est
1657 1867 1870 1920 gregem
1894 1850 2012 1914 Dei,
2036 1855 2198 1920 atque
2221 1856 2285 1904 ut
2308 1853 2377 1904 ad

474 1937 725 2004 majorem
764 1936 877 2005 ejus
917 1936 1148 1987 nominis
1185 1935 1408 2004 gloriam
1433 1936 1825 2004 propagandam
1851 1953 2051 2004 semper
2085 1937 2379 2005 impensius

474 2022 804 2074 incumbant.
885 2021 1061 2089 Atque
1103 2022 1170 2072 ad
1217 2022 1457 2072 uberiora
1503 2023 1562 2072 in
1610 2021 1846 2089 idipsum
1896 2022 2134 2073 coelestis
2176 2025 2379 2093 gratiae

474 2108 735 2178 praesidia
757 2106 1108 2174 impetranda,
1134 2106 1490 2173 deprecatores
1514 2107 1656 2174 apud
1681 2106 1855 2156 Deum
1880 2106 2052 2158 denuo
2074 2108 2380 2161 invocamus

477 2194 876 2247 Sanctissimam
898 2192 999 2244 Dei
1023 2192 1273 2255 Matrem,
1299 2192 1490 2243 Beatos
1514 2192 1791 2260 Apostolos
1816 2193 2036 2245 Petrum
2055 2199 2111 2245 et
2129 2195 2378 2259 Paulum,

475 2298 598 2332 cum
642 2280 858 2331 caeteris
883 2278 1164 2329 coelitibus
1197 2278 1422 2347 Angliae
1448 2278 1708 2342 PatroniS,
1733 2295 1794 2329 ac
1818 2280 2139 2331 nominatim
2166 2280 2220 2332 S.
2246 2281 2379 2333 Gre-

474 2367 686 2435 gorium
709 2363 990 2433 Magnum,
1014 2367 1097 2426 ut,
1122 2365 1372 2431 quoniam
1396 2363 1562 2413 Nobis
1588 2364 1752 2414 etiam
1776 2365 1980 2426 meritis
2003 2366 2134 2417 adeo
2162 2366 2380 2435 impari-

475 2452 574 2502 bus
605 2451 794 2501 datum
817 2464 961 2499 nunc
986 2452 1067 2499 est
1090 2448 1410 2516 episcopales
1436 2447 1596 2499 Sedes
1628 2450 1687 2499 in
1711 2449 1907 2518 Anglia
1939 2467 2197 2515 renovare,
2221 2455 2379 2520 prout

475 2536 566 2587 1116
608 2552 731 2586 611111
773 2550 982 2585 summa
1024 2533 1289 2584 Ecclesiae
1331 2533 1574 2585 utilitate
1613 2539 1789 2586 aetate
1832 2552 1926 2586 sua
1964 2536 2202 2603 perfecit,
2249 2536 2378 2588 haec

475 2637 682 2690 quoque
731 2619 872 2670 facta
920 2634 952 2668 a
999 2617 1166 2668 Nobis
1214 2619 1273 2668 in
1322 2635 1383 2669 eo
1425 2636 1584 2687 regno
1628 2620 2006 2688 episcopalium
2049 2621 2379 2674 Dioecesium

474 2706 745 2758 restitutio
805 2703 1050 2772 religioni
1111 2702 1402 2755 catholicae
1461 2705 1785 2758 benevertat.
1883 2705 2229 2759 Decernentes
2285 2701 2380 2760 has

476 2792 693 2843 Nostras
735 2789 1077 2857 Apostolicas'
1101 2789 1307 2840 litteras
1349 2790 1497 2841 nullo
1532 2808 1770 2859 unquam
1803 2795 2038 2859 tempore
2079 2792 2144 2844 de
2168 2793 2380 2861 subrep-

477 2877 657 2940 tioniS,
706 2879 763 2926 et
810 2874 1134 2942 obreptionis
1189 2875 1342 2939 vitio,
1367 2875 1452 2926 vel
1511 2877 1825 2928 intentionis
1877 2881 2083 2928 nostrae
2130 2882 2228 2930 aut
2273 2878 2379 2930 alio

477 2977 809 3031 quocumque
850 2959 1061 3011 defectu
1106 2960 1296 3023 notari,
1345 2961 1429 3012 vel
1477 2962 1782 3031 impugnari
1828 2978 1994 3029 posse,
2041 2962 2133 3015 sed
2180 2980 2382 3032 semper

477 3047 694 3109 validaS‚
733 3049 790 3096 et
825 3043 1002 3095 firmas
1045 3044 1168 3107 fore,
1213 3061 1431 3112 suosque
1469 3046 1689 3097 effectus
1730 3047 1789 3096 in
1831 3047 2076 3099 omnibus
2124 3048 2380 3112 obtinere,

477 3137 637 3201 atque
678 3129 1059 3181 inviolabiliter
1098 3130 1355 3181 observari
1394 3131 1594 3182 debere.
1683 3130 1804 3182 Non
1843 3131 2172 3184 obstantibus
2213 3134 2381 3201 Apos-

478 3217 671 3279 toliciS,
713 3219 874 3282 atque
922 3215 980 3264 in
1029 3215 1383 3282 synodalibuS,
1431 3216 1856 3283 provincialibus,
1903 3220 1960 3267 et
2001 3218 2380 3270 universalibus

479 3301 728 3367 Consiliis
753 3300 911 3351 editis
935 3300 1281 3369 generalibUS,
1307 3301 1390 3351 vel
1417 3301 1731 3368 specialibus
1756 3301 2130 3365 sanctionibuS,
2154 3319 2248 3353 nec
2273 3319 2380 3355 non

480 3391 717 3439 veterum
759 3385 984 3454 Angliae
1009 3384 1246 3447 Sedium,
1281 3389 1337 3436 et
1372 3386 1707 3448 Missionum,
1732 3403 1793 3436 ac
1824 3386 2191 3438 Vicariatuum
2214 3386 2381 3455 Apos-

480 3473 760 3524 tolicorum
798 3470 936 3521 inibi
973 3473 1154 3537 postea
1194 3471 1620 3534 constitutorum,
1663 3476 1719 3521 et
1743 3487 2194 3538 quarumcumque
2218 3472 2382 3524 eccle-

481 3559 693 3620 siarum,
735 3573 796 3606 ac
834 3556 1041 3622 piorum
1085 3554 1316 3605 locorum
1350 3555 1577 3623 juribus,
1620 3560 1716 3606 aut
1757 3555 2048 3624 privilegiis
2075 3556 2380 3623 juramento

481 3645 664 3704 etiam,
702 3639 1098 3691 confirmatione
1137 3639 1455 3706 Apostolica,
1494 3645 1587 3690 aut
1630 3641 1736 3691 alia
1772 3657 2102 3708 quacumque
2125 3641 2381 3692 firmitate

484 3726 752 3797 roboratiS,
778 3725 1097 3801 caeterisque
1123 3724 1395 3774 contrariis
1420 3725 1851 3801 quibuscumque.
1883 3733 1886 3736 ’
1927 3725 2029 3781 His
2049 3726 2192 3782 enim
2211 3726 2380 3783 omni-
