2514 4504
377 354 500 417 408
1130 375 1364 419 ADmrm
1410 378 1510 420 vn.

514 521 571 573 Si
596 522 921 590 responderit
944 522 1275 584 affirmative,
1300 537 1406 572 non
1431 522 1742 588 procedatur
1765 523 1833 575 ad
1857 524 2146 587 licentiam,
2169 525 2273 577 nisi

368 606 722 674 producantur
758 606 1094 657 authenticae
1120 610 1175 656 et
1214 605 1407 673 legales
1446 606 1835 671 attestationeS‚
1859 609 1946 660 vel
1978 613 2136 662 testes
2167 608 2273 662 fide

369 692 539 761 digni,
565 695 620 742 et
644 690 1000 742 verisimiliter
1023 690 1296 741 informati
1321 691 1384 741 de
1410 692 1562 743 obitu
1588 692 1829 762 conjugis
1855 694 2111 746 defuncti.

512 788 571 840 Si
589 806 706 840 vero
716 788 887 839 Testis
905 788 1246 856 responderit,
1256 804 1363 839 non
1372 788 1613 842 habuisse
1628 807 1843 843 uxorem
1853 791 1937 843 vel
1945 793 2272 845 maritum—

511 887 580 939 X.
630 886 991 956 Interrogetur
1008 887 1073 938 de
1097 904 1254 939 causa
1278 888 1550 953 scientiae,
1572 892 1629 940 et
1652 905 1722 940 an
1747 891 1819 942 sit
1842 891 2107 959 possibile,
2130 893 2272 961 quod

367 973 559 1040 aliquis
584 989 647 1024 ex
670 972 776 1024 illis
801 971 1044 1025 habuerit
1067 989 1283 1026 uxorem
1307 974 1392 1026 vel
1423 974 1695 1040 maritum,
1719 979 1775 1027 et
1798 977 1940 1044 quod
1964 978 2078 1046 ipse
2101 977 2271 1031 Testis

369 1059 584 1109 nesciat.

510 1156 568 1208 Si
591 1156 914 1224 responderit
948 1156 1279 1221 affirmative,
1314 1159 1726 1227 supersedeatur,
1748 1160 1854 1212 nisi
1890 1177 1955 1213 ex
1977 1161 2097 1214 aliis
2120 1162 2294 1215 testi--

368 1242 464 1294 bus
487 1242 734 1311 probetur
758 1242 1146 1307 concludenter,
1171 1261 1278 1296 non
1302 1243 1546 1296 habuisse
1571 1262 1784 1298 uxorem
1808 1246 1892 1299 vel
1914 1247 2186 1300 maritum.

510 1341 569 1395 Si
593 1359 714 1393 vero
737 1342 1060 1410 responderit
1083 1345 1399 1413 negative—

510 1441 610 1493 ΧΙ.
661 1441 1019 1510 Interrogetur
1042 1442 1108 1494 de
1147 1459 1303 1494 causa
1342 1445 1611 1507 scientiae,
1652 1462 1715 1498 ex
1757 1462 1863 1514 qua
1886 1446 2075 1498 deinde
2098 1445 2134 1498 J
2134 1446 2271 1500 udex

368 1526 613 1596 colligere
636 1527 851 1594 poterit,
876 1543 944 1577 an
969 1527 1116 1578 Testi
1141 1528 1211 1579 sit
1236 1528 1410 1580 danda
1445 1529 1590 1581 fides.

510 1625 568 1677 Si
615 1625 957 1693 responderit,
1000 1627 1302 1678 contrahere
1344 1627 1580 1679 volentes
1628 1628 1873 1682 habuisse
1922 1646 2136 1682 uxorem
2185 1631 2270 1683 vel

366 1713 639 1774 maritum,
664 1711 753 1761 sed
779 1728 886 1762 esse
912 1715 1216 1762 mortuos—

508 1811 642 1862 ΧΙἸ.
692 1810 1051 1879 Interrogetur
1075 1811 1139 1862 de
1163 1811 1294 1875 loco,
1323 1815 1379 1863 et
1412 1816 1667 1879 tempore,
1692 1829 1798 1881 quo
1823 1817 1948 1865 sunt
1971 1815 2190 1879 mortui,
2213 1819 2270 1867 et

367 1897 627 1966 quomodo
651 1897 764 1965 ipse
789 1896 958 1947 Testis
983 1896 1134 1959 sciat,
1159 1896 1317 1948 fuisse
1342 1897 1610 1967 conjuge5‚
1634 1901 1690 1949 et
1713 1914 1854 1950 nunc
1880 1916 1986 1951 esse
2017 1902 2268 1952 mortuos.

403 2010 405 2012 ·
510 1996 584 2047 Et
599 1995 644 2047 si
658 1985 983 2064 respondeat,
998 1998 1232 2046 mortuos
1248 1996 1407 2047 fuisse
1421 1996 1480 2046 in
1499 1996 1678 2064 aliquo
1692 1995 1962 2065 hospitali,
1976 1997 2062 2050 vel
2079 1998 2270 2050 vidisse

368 2081 575 2150 sepeliri
601 2082 658 2131 in
683 2083 825 2132 certa
847 2079 1083 2144 ecclesia,
1107 2080 1191 2131 vel
1215 2081 1482 2133 occasione
1518 2081 1747 2132 militiae
1785 2081 2016 2150 sepultos
2054 2082 2214 2135 fuisse
2237 2099 2270 2134 a

366 2172 648 2234 militibus,
695 2187 802 2223 non
849 2171 1005 2222 detur
1051 2170 1267 2222 licentia
1315 2171 1678 2234 contrahendi,
1719 2172 1821 2223 nisi
1869 2172 2015 2240 prius
2061 2176 2268 2240 recepto

367 2258 673 2310 testimonio
721 2256 1026 2308 authentico
1074 2273 1106 2307 a
1149 2257 1372 2308 Rectore
1414 2256 1710 2324 hospitalis,
1750 2256 1810 2307 in
1858 2274 1964 2326 quo
2010 2257 2269 2326 praedicti
2327 2260 2335 2268 “

367 2345 711 2406 decesserunt,
756 2342 841 2394 vel
882 2359 914 2393 a
958 2341 1179 2393 Rectore
1224 2342 1505 2405 Ecclesiae,
1548 2341 1606 2392 in
1648 2358 1753 2410 qua
1793 2341 2014 2393 humata
2056 2342 2269 2394 fuerunt

368 2446 548 2482 eorum
570 2429 837 2491 cadavera,
861 2427 964 2492 vel,
989 2427 1035 2479 si
1058 2427 1172 2479 fieri
1195 2431 1390 2496 potest,
1423 2445 1456 2479 a
1491 2428 1639 2479 Duce
1663 2427 1808 2479 illius
1833 2427 2059 2480 cohortis
2081 2429 2140 2480 in
2163 2444 2269 2496 qua

367 2515 659 2581 descriptus
684 2517 796 2565 erat
819 2513 988 2565 miles.

510 2612 570 2666 Si
594 2616 775 2664 tamen
799 2611 1102 2680 hujusmodi
1136 2613 1443 2666 testimonia
1483 2611 1663 2664 haberi
1705 2629 1812 2664 non
1852 2616 2089 2680 possunt,
2112 2612 2269 2665 Sacra

370 2699 718 2769 congregatio
758 2715 865 2751 non
899 2700 1134 2751 intendit
1174 2700 1449 2751 excludere
1486 2700 1617 2750 alias
1654 2699 2004 2767 probationes,
2045 2717 2181 2767 quae
2204 2701 2268 2751 de

361 2785 482 2855 jure
528 2784 801 2837 communi
846 2789 1067 2853 possunt
1114 2786 1351 2849 admitti,
1399 2785 1687 2837 dummodo
1735 2785 1843 2836 sint
1890 2784 2167 2855 legitimae
2213 2789 2267 2837 et

369 2870 701 2922 sufficientes.

511 2968 673 3019 XIII.
723 2967 1099 3037 Interrogetur,
1122 2984 1191 3018 an
1215 2971 1335 3036 post
1359 2971 1584 3019 mortem
1603 2967 1738 3019 dicti
1757 2967 1997 3036 conjugis
2014 2967 2268 3031 defimcti,

368 3054 559 3122 aliquis
583 3070 647 3105 ex
670 3053 951 3121 praedictis
976 3051 1278 3104 contrahere
1321 3052 1621 3104 volentibus
1661 3052 1928 3104 transierit
1950 3052 2019 3104 ad
2043 3053 2269 3104 secunda

368 3143 508 3192 vota.
2239 3155 2242 3157 ’

513 3231 572 3284 Si
595 3230 920 3298 responderit
944 3231 1261 3299 negative—

511 3329 659 3381 XIV.
711 3329 1084 3398 Interrogetur,
1132 3347 1201 3380 an
1251 3345 1359 3381 esse
1406 3329 1591 3397 possit,
1625 3329 1767 3396 quod
1809 3328 2001 3396 aliquis
2049 3345 2113 3380 ex
2158 3329 2268 3382 illis

368 3416 635 3467 transierit
661 3416 728 3466 ad
754 3416 979 3466 secunda
1002 3419 1142 3478 vota,
1169 3415 1364 3482 absque
1389 3433 1466 3478 e0,
1491 3416 1631 3482 quod
1657 3416 1769 3483 ipse
1793 3414 1965 3465 Testis
1989 3415 2136 3466 sciat.

513 3515 572 3567 Si
595 3514 919 3583 responderit
943 3513 1273 3577 affirmative,
1312 3515 1725 3583 supersedeatur,
1745 3515 1804 3565 in
1841 3513 2077 3577 licentia,
2102 3513 2268 3566 donec

369 3600 722 3674 producantur
745 3598 943 3660 TesteS,
968 3614 1060 3666 per
1084 3615 1213 3666 quos
1238 3599 1484 3667 negativa·
1508 3601 1802 3650 coarctetur
1825 3598 2210 3651 concludenter.

1498 3702 1543 3747 ἔ
