2514 4504
450 371 576 438 372
1225 386 1465 430 Ammo
1508 386 1571 429 11.

446 555 626 590 eorum
650 527 1095 602 communionem,
1135 537 1446 605 opportunis
1485 538 1925 594 instructionibus
1960 541 2250 605 erudierit3
2286 560 2357 597 an

445 627 753 693 priusquam
776 623 956 675 fideles
981 623 1049 673 ad
1087 623 1431 674 matrimonia
1469 624 1529 675 in
1569 624 1762 676 faciem
1806 626 2024 678 ecclesia
2048 628 2359 681 celebranda

446 711 721 772 admittat,
739 709 943 760 debitas
962 709 1334 776 inquisitiones
1349 709 1669 774 adhibuerit,
1689 714 1851 778 atque
1871 712 2141 778 adhibeat,
2166 715 2359 782 quibus

446 802 568 848 tuto
594 795 977 864 deprehendere
1000 796 1182 862 possit,
1207 794 1419 845 nullum
1448 795 1582 846 inter
1617 796 1984 850 contrahentes
2008 799 2360 868 impedimen-

446 886 567 932 tum
591 882 828 944 existere,
846 881 1160 948 eosdemque
1185 880 1347 932 libere
1365 881 1708 935 matrimonio
1728 884 2039 948 consentire,
2057 901 2119 936 ac
2145 887 2360 939 demum

447 968 505 1016 in
531 966 772 1017 doctrina
796 965 1101 1028 christiana,
1126 966 1358 1017 maxime
1373 982 1494 1017 vero
1510 967 1568 1016 in
1583 966 1849 1034 precipuis
1863 969 2135 1038 religionis
2153 975 2361 1023 nostrae

448 1053 728 1120 mysteriis,
753 1052 871 1102 illos
890 1052 1176 1102 instructos
1202 1068 1311 1102 esse
1327 1069 1342 1112 3
1380 1052 1607 1120 denique
1625 1069 1695 1103 an
1712 1054 1969 1120 parochus
1989 1057 2131 1123 apud
2146 1073 2202 1108 se
2218 1061 2360 1109 recte

447 1140 714 1188 ordinatos
745 1137 974 1187 retineat
1005 1136 1165 1188 libros
1197 1140 1320 1187 tum
1350 1136 1758 1205 baptizatorum,
1772 1139 1868 1191 ubi
1891 1140 2007 1191 fons
2030 1141 2362 1209 baptismalis

448 1224 587 1274 adsit
630 1224 690 1273 in
734 1223 903 1290 ipsius
945 1222 1180 1284 ecclesia,
1222 1226 1344 1273 tum
1389 1239 1531 1273 sacro
1582 1221 1877 1276 Chrismate
1916 1225 2362 1293 confirmatorum,

448 1308 606 1359 libros
633 1308 799 1359 etiam
824 1307 1304 1371 matrimoniorum,
1328 1310 1385 1359 et
1409 1311 1581 1358 status
1606 1309 1923 1361 animarum.

596 1396 680 1446 11.
732 1393 853 1444 Uno
901 1393 1057 1444 verbo
1106 1393 1372 1461 quidquid
1418 1394 1695 1461 episcopus
1743 1410 1776 1444 a
1822 1395 2049 1462 parocho
2109 1397 2362 1449 saeculari

450 1480 717 1547 exquirere
741 1483 902 1546 atque
927 1479 1131 1548 exigere
1156 1478 1290 1530 solet
1314 1495 1376 1529 ac
1419 1479 1596 1542 debet,
1620 1479 1690 1530 ad
1732 1496 1904 1544 omne,
1938 1479 2168 1552 regulari
2192 1483 2364 1535 obser-'-

450 1565 633 1615 vantia
675 1565 831 1615 unice
875 1568 1113 1632 excepta,
1152 1580 1186 1615 a
1223 1563 1449 1632 parocho
1487 1563 1715 1632 regulari
1750 1565 2035 1632 exquirere,
2061 1570 2116 1618 et
2158 1568 2365 1637 exigere

450 1656 660 1719 potest:
698 1657 860 1718 atque
884 1650 976 1701 ubi
1001 1651 1143 1702 hunc
1185 1651 1393 1701 muneri
1427 1667 1519 1701 suo
1545 1650 1797 1702 defecisse
1822 1654 2153 1720 compererit,
2178 1670 2366 1722 oppor-

451 1742 584 1787 tuna
609 1737 817 1787 decreta
833 1736 1054 1787 condere
1070 1741 1126 1787 et
1143 1736 1503 1804 pronunciare,
1521 1753 1583 1787 ac
1601 1737 1816 1788 meritas
1830 1737 1891 1788 in
1908 1739 2157 1790 eumdem
2170 1756 2365 1808 poenas

453 1827 684 1873 statuere
703 1839 718 1882 3
768 1822 827 1871 in
851 1838 957 1888 quo
982 1821 1331 1874 nihilominus
1357 1822 1590 1890 episcopi
1631 1823 1915 1874 facultates
1938 1824 2165 1876 minime
2188 1825 2364 1892 priva·
2390 1854 2394 1857 ·

452 1908 594 1958 tivae
621 1911 762 1970 sunt,
789 1906 878 1957 sed
901 1907 1107 1974 praesul
1124 1906 1379 1975 regularis
1395 1907 1487 1975 jus
1506 1907 1896 1959 cumulativum
1916 1925 2039 1959 cum
2056 1910 2172 1977 ipso
2186 1910 2364 1972 habet3

452 1994 532 2043 ita
556 1998 755 2054 tamen,
779 1996 861 2055 ut,
887 1993 932 2043 si
955 1992 1112 2043 aliter
1153 2009 1185 2043 a
1228 1993 1488 2061 superiore
1528 1992 1774 2061 regulari,
1817 1993 1973 2044 aliter
2013 1994 2080 2046 ab
2120 1996 2364 2063 episcopo

454 2078 662 2129 decerni
699 2077 995 2146 contingat,
1032 2077 1209 2145 hujuS,
1242 2094 1349 2128 non
1383 2095 1503 2130 vero
1535 2078 1699 2141 illius,
1724 2078 1947 2129 decretis
1971 2078 2043 2130 sit
2084 2081 2364 2142 standum3

453 2167 613 2232 prout
636 2162 767 2213 alias
791 2179 823 2213 a
849 2160 1270 2231 Congregatione
1315 2163 1621 2214 Tridentini
1647 2161 1873 2214 Concilii
1898 2164 2188 2232 interprete
2217 2165 2367 2233 judi-

456 2256 637 2300 catum
662 2249 787 2312 fuit,
804 2250 1004 2316 nosqu'e
1022 2249 1341 2300 auctoritate
1357 2249 1646 2316 apostolica
1659 2249 1958 2317 probamuS‚
1975 2250 2362 2316 confirmamus,

456 2340 618 2403 atque
642 2333 989 2384 decernimus.
1061 2333 1397 2385 Privativum
1436 2338 1622 2385 tamen
1646 2334 1878 2402 episcopi
1894 2334 1985 2402 jus
2010 2338 2090 2386 est
2132 2335 2192 2386 in
2214 2352 2363 2404 paro-

458 2421 764 2472 chianorum
788 2436 956 2470 mores
980 2418 1260 2486 inquirere,
1279 2435 1341 2470 ac
1366 2420 1410 2470 si
1434 2435 1571 2486 quae
1590 2419 1730 2470 inter
1752 2420 1893 2486 ipsos
1918 2420 2161 2472 scandala
2185 2421 2367 2473 oborta

456 2502 673 2568 fuerint,
698 2505 897 2556 auditis
926 2504 1207 2571 proborum
1250 2521 1311 2555 ac
1354 2505 1698 2572 prudentium
1722 2504 1954 2555 virorum
1997 2506 2209 2557 sinceris
2232 2506 2365 2558 rela-

458 2592 711 2654 tionibus,
737 2591 802 2641 de
826 2590 892 2640 iis
918 2606 1244 2659 cognoscere,
1288 2607 1455 2659 eaque
1493 2591 1804 2659 opportunis
1841 2590 2088 2641 remediis
2124 2607 2366 2655 resecare,

459 2683 515 2729 et
538 2677 813 2727 reformare
834 2693 848 2736 ;
897 2692 995 2726 nec
1036 2676 1180 2726 enim
1225 2675 1577 2743 superioribus
1615 2674 1942 2744 regularibus
1979 2676 2039 2725 in
2063 2675 2366 2744 hujusmodi

462 2762 747 2814 saeculares
771 2760 1048 2829 parochiae
1074 2761 1313 2812 subditos
1337 2761 1454 2812 ulla
1478 2761 1740 2829 competit
1755 2761 2079 2829 jurisdictiO.

611 2849 694 2897 12.
744 2846 1042 2896 Eveniente
1065 2849 1249 2896 autem
1274 2863 1416 2910 casU,
1441 2863 1546 2914 quo
1571 2845 1657 2897 vel
1698 2847 1991 2913 episcopus,
2015 2846 2098 2897 vel
2137 2848 2368 2915 superior

461 2932 716 3002 regularis
741 2931 975 2998 aliquem
998 2947 1062 2981 ex
1100 2930 1388 2997 praedictis
1429 2930 1668 2998 parochis
1706 2930 1774 2981 ab
1813 2931 2062 2981 exercitio
2100 2948 2252 2983 curae
2288 2949 2368 2984 re-

464 3018 804 3078 movendum,
848 3016 1134 3082 eademque
1173 3015 1491 3083 privandum
1530 3032 1640 3066 esse
1675 3014 2066 3082 judicaverint3
2115 3017 2367 3083 quoniam

464 3103 769 3172 hujusmodi
793 3100 1049 3168 parochis,
1069 3101 1180 3151 sine
1198 3101 1412 3167 praevia
1431 3101 1664 3168 episcopi
1684 3101 2081 3168 approbatione,
2099 3102 2168 3152 ad
2188 3119 2365 3154 curam

466 3191 763 3241 animarum
782 3186 1022 3236 accedere
1045 3202 1378 3253 nequaquam
1403 3186 1548 3249 licet,
1568 3186 1809 3253 quamvis
1828 3202 1860 3235 a
1885 3186 1991 3236 suis
2017 3187 2374 3253 superioribus-

468 3270 730 3338 deputati‚
754 3268 1021 3335 iidemque
1046 3268 1114 3318 ad
1137 3273 1331 3318 nutum
1357 3268 1464 3318 sint
1504 3266 1811 3317 amovibiles
1831 3283 1846 3328 3
1884 3267 2190 3319 dubitatum
2212 3286 2368 3338 prop-

467 3362 610 3408 terea
634 3355 756 3416 fuit,
777 3370 845 3403 an
861 3353 1133 3420 episcopus
1151 3357 1325 3420 posset
1342 3353 1411 3403 ad
1429 3352 1732 3420 hujusmodi
1746 3353 2063 3402 remotiones
2077 3355 2367 3420 procedere,

471 3444 583 3493 sine
608 3438 885 3507 superioris
909 3437 1161 3507 regularis
1187 3455 1458 3501 consenSU,
1483 3441 1537 3488 et
1563 3454 1633 3488 an
1656 3438 1965 3489 remotionis
1989 3454 2169 3489 causas
2193 3439 2366 3491 eidem

471 3528 743 3588 adducere,
785 3540 973 3591 easque
1014 3523 1280 3584 verificare
1323 3523 1571 3583 deberet}
1638 3526 1760 3574 tum
1801 3523 1967 3574 etiam
2007 3538 2077 3574 an
2118 3523 2380 3592 regularis*

473 3612 704 3678 superior
727 3610 795 3661 ad
819 3609 1073 3677 similem,
1091 3609 1441 3661 remotionem
1480 3612 1537 3660 et
1577 3608 1930 3676 privationem
1961 3624 2055 3659 suo
2069 3607 2193 3675 jure
2215 3608 2368 3660 deve-

2510 700 2514 714 -,
2488 327 2514 690 -Ἀ-...εζιῃωῶὖοηὶ-Ε.
2487 213 2514 315 :asitha-'³⁶'
2491 189 2514 203 ζ’
2486 109 2510 169 '‘²³⁴³‘'
2490 69 2503 92 ⁸·
2487 5 2509 42 ἧκ’·
