2514 4504
451 380 577 440 404
1219 363 1459 440 111111110
1503 397 1581 440 VI.

449 544 484 597 J
487 545 622 596 udex
645 548 700 596 et
723 543 975 596 Defensor
993 543 1288 595 validitatis
1315 546 1644 596 matrimonii
1670 551 1901 615 apponet
1925 563 2075 600 suam
2099 546 2356 617 subscrip-

412 675 419 678 .
450 631 671 695 tionem,
698 635 754 683 et
779 630 1132 684 Cancellarius
1157 631 1223 682 de
1247 634 1374 682 actu
1399 631 1626 701 rogabit.

594 717 800 768 Poterit
837 733 955 785 pars
995 717 1227 767 examini
1267 716 1521 784 subjecta,
1546 717 1629 768 vel
1668 717 1813 769 illico
1846 722 1968 786 post
2005 734 2244 783 examen,
2268 717 2353 771 vel

451 803 617 855 etiam
641 803 904 870 deinceps,
929 805 1215 869 antequam
1233 802 1535 869 publicetur
1553 819 1837 870 processuS‚
1863 805 1906 855 si
1932 804 2081 867 velit,
2107 804 2356 874 articulos

450 905 752 957 proponere,
779 905 933 956 super
956 887 1149 955 quibus
1173 888 1358 952 etiam,
1383 889 1550 939 citato
1573 888 1853 940 Defensore
1877 888 2230 954 Matrimonii,
2255 890 2358 943 erit

453 974 829 1025 examinandus
865 973 999 1024 alter
1041 973 1155 1041 conj
1162 990 1252 1037 uX‚
1295 977 1352 1024 et
1392 978 1655 1042 quatenus
1697 975 1862 1026 etiam
1898 974 1967 1026 ab
2001 975 2100 1026 hoc
2142 974 2355 1026 articuli

451 1062 825 1126 proponantur,
875 1059 978 1110 erit
1024 1059 1216 1109 iterum
1260 1059 1504 1110 citandus
1546 1058 1659 1125 conj
1667 1077 1755 1123 ux,
1797 1060 1890 1127 qui
1933 1060 2136 1127 primus
2184 1059 2357 1112 fuerat

452 1146 821 1214 intorrogatUS,
859 1149 915 1195 et
951 1145 1192 1196 adstante
1228 1145 1509 1196 Defensore
1545 1144 1900 1208 Matrimonii,
1933 1162 2087 1214 super
2121 1145 2358 1198 articulis

453 1230 521 1280 ab
544 1231 708 1281 altero
732 1230 1015 1298 propositis
1040 1231 1300 1282 audietur.

597 1312 728 1364 Haec
752 1329 952 1375 norma,
977 1329 1094 1380 quae
1120 1312 1246 1363 data
1279 1312 1387 1364 fuit
1410 1330 1504 1381 pro
1537 1313 1788 1365 instantis
1822 1315 2082 1378 examine,
2109 1313 2359 1366 servanda

455 1397 574 1462 erit,
599 1415 828 1467 congrua
853 1398 1097 1466 congruis
1121 1398 1406 1461 referendo,
1431 1399 1490 1449 in
1514 1399 1699 1467 quovis
1723 1399 1829 1450 alio
1851 1401 2109 1452 examine.

599 1483 828 1551 Expleto
870 1483 1112 1535 examine
1148 1483 1294 1534 illius
1333 1484 1572 1554 conjugis
1607 1484 1703 1552 qui
1738 1488 1885 1536 actor
1919 1485 2026 1536 fuit
2061 1485 2119 1536 in
2156 1500 2366 1553 promo-

455 1569 627 1620 venda
650 1570 916 1621 nullitatis
941 1568 1171 1637 querela,
1190 1570 1427 1638 sequitur
1451 1587 1670 1622 examen
1694 1570 1912 1622 alterius
1937 1571 2195 1639 conjugis,
2222 1569 2361 1639 quod

455 1656 556 1707 erit
571 1655 956 1706 conficiendum
974 1656 1164 1706 iisdem
1183 1673 1388 1724 prorsus
1406 1656 1656 1708 methodo
1675 1673 1738 1708 ao
1756 1657 1891 1726 lege,
1911 1673 2029 1724 quae
2043 1657 2360 1724 praescriptae

456 1741 672 1793 fuerunt
694 1742 752 1791 in
776 1741 1193 1809 praecedentibus
1231 1741 1591 1811 paragraphis,
1615 1758 1677 1793 ac
1716 1741 1814 1793 sub
1853 1742 2047 1794 iisdem
2070 1743 2361 1811 interroga-

457 1827 606 1878 toriis
630 1828 795 1878 actori
819 1826 1116 1894 propositiS‚
1141 1826 1226 1877 vel
1250 1825 1369 1877 aliis
1393 1826 1591 1878 additis
1615 1826 1698 1878 vel
1721 1827 1885 1879 ,novis
1909 1827 2179 1890 confectis,
2202 1828 2360 1895 prout

458 1912 708 1964 Defensor
732 1912 1070 1963 Matrimonii
1095 1913 1154 1963 10
1178 1911 1407 1963 Domino
1432 1912 1710 1963 censuerit.

600 1998 803 2049 Deinde
835 1997 1223 2066 procedendum
1249 1997 1352 2048 erit
1375 1997 1443 2048 ad
1452 2013 1690 2048 ,examen
1720 1996 1969 2067 septimae
2001 2014 2232 2061 manus,
2265 1997 2365 2050 hoc

459 2089 557 2148 est,
581 2089 784 2152 septem
820 2084 1237 2151 propinquorum
1274 2099 1339 2133 ex
1375 2087 1598 2150 utroque
1639 2082 1804 2135 latere
1840 2084 1908 2135 ad
1943 2083 2169 2135 formam
2207 2082 2358 2135 Text.

460 2168 554 2238 (in
582 2168 716 2238 Gap.
741 2167 963 2220 Litterae
1006 2166 1204 2220 Vestrae
1220 2187 1235 2218 .·
1275 2165 1341 2219 de
1366 2165 1498 2235 friy
1535 2171 1598 2220 et.
1638 2165 1872 2237 mles).
1959 2167 2039 2220 Ut
2066 2168 2126 2220 id
2157 2167 2367 2221 facilius

458 2255 647 2323 exequi
661 2254 695 2306 J
697 2255 835 2306 udex
850 2253 1043 2316 valeat,
1056 2252 1309 2304 Defensor
1322 2252 1659 2305 Matrimonii
1674 2255 1866 2306 citabit
1879 2258 2084 2323 partem
2099 2255 2366 2318 actricem,

461 2345 527 2392 ut
548 2341 748 2392 indicet
772 2343 973 2406 septem
998 2337 1101 2389 sibi
1126 2338 1402 2406 sanguine,
1426 2337 1510 2389 vel
1534 2337 1797 2391 affinitate
1820 2339 2147 2408 conjunctOS,
2179 2340 2226 2391 si
2250 2339 2366 2392 fieri

460 2427 644 2496 possit,
681 2426 764 2477 sin
799 2424 978 2475 minus
1011 2426 1214 2492 septem
1246 2419 1448 2475 vicinos
1472 2423 1623 2476 bonae
1649 2424 1821 2477 famae.
1915 2425 2145 2495 Singuli,
2179 2424 2366 2477 audita

461 2513 608 2582 prius
638 2509 840 2563 lectura
875 2510 1150 2572 examiniS,
1176 2526 1268 2561 seu
1301 2508 1638 2561 confessionis
1670 2509 1910 2580 conjugis
1943 2527 2029 2562 eos
2062 2510 2362 2562 inducentis

460 2600 616 2650 erunt
662 2596 1038 2664 interrogandi,
1085 2598 1266 2646 utrum
1314 2598 1640 2663 perspectam
1682 2595 1911 2647 habeant
1948 2595 2259 2664 religionem
2307 2599 2364 2647 et

462 2684 794 2735 honestatem
826 2681 974 2732 illius
1010 2680 1124 2748 conj
1131 2681 1270 2750 ugiS,
1305 2684 1370 2731 ut
1407 2684 1683 2748 propterea
1720 2681 1822 2732 sibi
1850 2681 2145 2732 verosimile
2180 2682 2269 2744 sit,
2304 2696 2365 2731 ac

465 2769 676 2819 credant
702 2784 825 2818 eum
861 2783 981 2818 vera
1018 2766 1226 2817 dixisse.
1303 2764 1562 2816 Similiter
1594 2766 1828 2817 instante
1862 2765 2145 2817 Defensore
2176 2765 2367 2817 Matri-

464 2854 651 2916 monii,
686 2852 930 2903 citandus
960 2851 1060 2902 erit
1088 2851 1222 2902 alter
1255 2851 1465 2919 conjux,
1497 2854 1563 2902 111
1595 2851 1761 2902 etiam
1789 2851 1904 2919 ipse
1933 2850 2138 2903 indicet
2165 2854 2366 2918 septem

464 2939 784 3006 propinquos
808 2937 892 2987 vel
917 2936 1113 3000 affineS,
1138 2937 1307 3004 iisque
1332 2935 1718 3000 deficientibus,
1743 2940 1946 3003 septem
1971 2935 2172 2987 vicinos
2195 2936 2364 2987 bonae

467 3024 654 3086 famae,
679 3022 772 3090 qui
807 3025 872 3072 ut
905 3038 1059 3089 supra
1084 3021 1290 3071 dictum
1314 3024 1395 3071 est
1419 3020 1716 3088 deponant:
1744 3021 1955 3071 seorism
1979 3024 2134 3072 erunt
2156 3020 2215 3071 hi
2238 3035 2367 3088 qua-

467 3108 760 3160 tuordecim
814 3093 1101 3157 conflantes
1152 3106 1434 3173 septimam
1483 3122 1702 3155 manum
1752 3105 1984 3156 examini
2033 3104 2365 3174 subjiciendi,

469 3193 758 3263 designatis
793 3191 977 3242 diebus
1011 3194 1068 3240 et
1102 3190 1258 3253 horis,
1293 3194 1349 3240 et
1380 3189 1556 3240 delato
1595 3189 1741 3257 prius
1785 3189 2008 3259 singulis
2041 3190 2364 3258 juramento·

468 3279 719 3330 Defensor
742 3276 1076 3328 Matrimonii
1100 3275 1502 3343 interrogatoria
1525 3275 1702 3326 clausa
1727 3273 2014 3339 exhibebit,
2039 3278 2103 3326 ut
2128 3275 2364 3343 superius

470 3366 676 3417 dictum
701 3366 797 3414 est.

614 3449 866 3500 Liberum
899 3448 1000 3498 erit
1035 3444 1348 3514 conjugibus
1383 3447 1545 3497 testes
1579 3445 1748 3497 bonae
1784 3444 1956 3497 famae
1990 3461 2052 3496 ac
2094 3445 2159 3497 de
2193 3462 2250 3496 re
2283 3445 2366 3497 in-

472 3539 695 3588 structos
728 3534 991 3596 inducere,
1014 3532 1109 3600 qui
1133 3548 1313 3583 omnes
1347 3532 1557 3582 seorsim
1582 3534 1639 3582 et
1661 3529 1911 3583 methodo
1934 3529 2188 3582 hactenus
2218 3545 2366 3600 prae-

473 3622 666 3690 scripta
688 3622 842 3671 erunt
867 3617 1099 3670 examini
1125 3615 1456 3684 subjiciendi.
