2514 4504
574 440 822 484 APPEND.
875 440 934 481 11.
1024 438 1317 482 sumnus
1364 437 1654 480 mmmmm.
1938 421 2061 486 279

161 604 371 661 semper
413 593 579 642 antea
621 591 690 639 20
730 587 886 656 Maji,
932 589 1092 646 185ος
1135 588 1188 637 in
1238 586 1372 637 Litt.
1415 586 1598 653 Apost.
1638 582 1781 636 Cum
1806 583 2071 637 catholica

165 674 406 728 Ecclesia
441 674 509 726 26
546 674 728 736 Mart„
764 673 927 732 1860;
973 673 1029 722 in
1065 672 1230 722 Alloc.
1266 670 1445 722 Novos
1485 673 1552 720 28
1595 669 1762 738 Sept.‚
1810 671 1971 729 1860;
2015 672 2071 720 in

160 762 325 814 Alloc.
350 757 716 813 Jamoludum
745 760 809 810 18
842 757 1022 820 Mart„
1054 758 1216 818 1861;
1261 758 1318 807 in
1343 756 1510 807 Alloc.
1543 753 1813 813 ,Maxima
1841 752 2071 824 quidem

164 850 195 899 9
220 846 395 910 Junii,
425 844 609 913 1862.)

1052 1034 1077 1100 ς
1115 1032 1184 1084 Χ.

282 1188 511 1242 Ero-ores
547 1185 650 1259 qui
684 1185 762 1240 ad
799 1185 1210 1240 liberalismum
1247 1184 1587 1240 hodiernum
1621 1186 1964 1256 referuntur.

299 1344 583 1397 LXXVII.
609 1344 802 1395 Aetate
820 1343 919 1394 hac
937 1347 1116 1395 nostra
1133 1359 1239 1394 non
1258 1343 1491 1411 amplius
1509 1344 1745 1411 expedit,
1763 1343 2076 1413 religionem

159 1431 477 1484 catholicam
515 1429 696 1480 haberi
742 1434 1020 1496 tamquam
1064 1429 1280 1479 unicam
1325 1433 1497 1479 status
1537 1428 1865 1497 religionem,
1890 1430 2077 1479 ceteris

160 1517 580 1587 quibuscumque
605 1514 841 1566 cultibus
867 1514 1107 1565 exclusis.

419 1628 556 1669 Alloc.
580 1628 703 1668 Nemo
721 1632 892 1667 vestrum
912 1628 963 1667 26
982 1625 1108 1675 Julii,
1132 1626 1249 1668 1855.

303 1746 618 1799 LXXVIII.
670 1745 814 1797 Hinc
856 1744 1201 1796 laudabiliter
1241 1746 1300 1796 in
1342 1745 1663 1814 quibusdam
1698 1748 1949 1799 catholici
1983 1764 2078 1799 no-

160 1836 321 1887 minis
364 1833 667 1903 regionibus
709 1832 827 1900 lege
870 1834 1092 1881 cautum
1127 1834 1227 1893 est,
1266 1833 1331 1881 ut
1368 1829 1676 1882 hominibus
1711 1831 1841 1883 illuc
1893 1833 2078 1883 immi-

158 1920 437 1990 grantibus
498 1919 659 1970 liceat
724 1916 1004 1986 publicum
1061 1915 1263 1984 proprii
1316 1915 1572 1985 cujusque
1639 1915 1815 1968 cultus
1868 1917 2077 1969 facilius

160 2005 475 2058 exercitium
511 2003 719 2055 habere.
771 2076 774 2079 Ι

422 2113 561 2155 ΑΠοο.
581 2112 892 2154 Acerbiuimum
911 2111 962 2155 27
983 2110 1256 2165 Septembris,
1280 2112 1398 2153 1852.

301 2228 559 2281 LXXIX.
612 2228 897 2280 Enimvero
936 2226 1133 2279 falsum
1172 2230 1275 2291 est,
1324 2227 1539 2280 civilem
1589 2229 1847 2298 cujusque
1896 2231 2072 2283 cultus

160 2313 482 2375 libertatem,
500 2311 740 2379 itemque
757 2310 973 2379 plenam
988 2312 1311 2377 potestatem
1326 2310 1572 2361 omnibus
1587 2312 1907 2363 attributam
1924 2330 2079 2381 quas-

160 2396 295 2448 libet
332 2394 616 2463 opiniones
642 2393 1100 2463 cogitationesque
1137 2391 1316 2460 palam
1353 2392 1673 2461 publiceque
1698 2395 2076 2447 manifestandi

160 2479 448 2530 conducere
472 2476 541 2528 ad
565 2476 883 2545 populorum
908 2492 1076 2526 mores
1102 2476 1412 2542 animosque
1436 2475 1648 2526 facilius
1673 2477 2077 2544 corrumpendos

161 2577 223 2612 ac
246 2558 680 2612 indifferentismi
703 2562 908 2626 pestem
932 2557 1348 2627 propagandam.

392 2667 532 2711 Alloc.
554 2669 771 2721 Nunquam
779 2667 875 2719 sore
896 2668 945 2708 15
964 2665 1226 2717 Decembris,
1247 2666 1367 2708 1856.

304 2786 533 2841 LXXX.
585 2784 856 2839 Romanus
886 2784 1140 2837 Pontifex
1164 2787 1343 2852 potest
1365 2800 1428 2836 ac
1453 2784 1614 2837 debet
1637 2802 1762 2837 cum
1786 2803 2075 2856 progressu,

162 2887 287 2923 cum
324 2869 648 2923 liberalismo
686 2871 744 2921 et
781 2884 905 2923 cum
945 2867 1149 2919 recenti
1191 2865 1458 2919 civilitate
1500 2882 1608 2919 sese
1646 2868 1982 2921 reconciliare
2021 2874 2078 2921 et

165 2968 492 3022 componere.

424 3063 561 3105 Alloc.
582 3064 824 3105 Jaemdudum
841 3063 1034 3102 cemimus
1057 3062 1105 3102 18
1126 3060 1290 3112 Martii,
1312 3061 1431 3106 1801.
