2514 4504
1106 542 1383 585 uacuam.
2153 528 2191 585 3

309 712 712 766 DECRETUM
752 712 826 765 II.
895 711 974 765 De
1012 709 1263 763 Methodo
1313 709 1466 764 Vitae
1502 716 1570 762 m
1607 711 1835 780 Synodo
1859 711 2132 764 servanda
2156 712 2240 783 (¹).

572 879 974 934 DECRETUM
1013 881 1121 933 III.
1195 881 1276 934 De
1310 897 1430 933 ‘non
1467 879 1938 949 Praejudicanda

572 1051 976 1105 DECRETUM
1027 1051 1121 1103 IV.
1194 1049 1274 1101 De
1313 1046 1653 1118 Officictlibue
1691 1045 1925 1115 Synodi.

267 1221 419 1275 DEC.
457 1222 523 1273 V.
575 1222 653 1274 De
687 1220 994 1276 Judioibus
1029 1220 1097 1273 in
1144 1218 1344 1274 Causis
1377 1215 1775 1270 Persomlibus
1819 1213 2240 1268 constituendis.

622 1390 1026 1444 DECRETUM
1075 1389 1171 1442 VI.
1245 1390 1327 1442 De
1362 1403 1481 1440 ‘non
1522 1383 1883 1438 Diecedendo,

964 1556 1370 1610 DECRETUM
1419 1555 1550 1607 VII.

947 1690 1027 1743 De
1064 1688 1202 1742 Fide
1239 1687 1558 1742 orthodooea.

449 1827 497 1879 1.
536 1825 690 1890 Cum,
716 1828 936 1879 docente
961 1826 1232 1895 Apostolo,
1258 1826 1371 1878 sine
1407 1826 1510 1876 fide
1537 1823 1865 1893 impossibile
1898 1824 1970 1876 sit
2005 1813 2210 1892 placere

301 1911 412 1964 Deo
459 1911 642 1981 (Hebr.
685 1925 767 1976 XI,
809 1914 885 1981 6),
925 1930 1149 1981 cumque
1194 1914 1309 1982 ipsa
1346 1913 1492 1977 fides,
1530 1917 1763 1963 testante
1802 1910 1855 1963 S.
1895 1911 2211 1962 Tridentina

303 1997 530 2066 SynodO,
557 2000 628 2050 sit
664 2002 698 2028 “
718 1997 982 2049 humanae
1018 1998 1205 2050 salutis
1242 1998 1483 2061 initium,
1521 1998 1933 2048 fundamentum
1970 2000 2027 2048 et
2061 1996 2210 2046 radix

300 2084 473 2136 omnis
487 2083 938 2151 justificationiS,”
968 2082 1110 2152 (sess.
1137 2095 1235 2147 VL,
1260 2100 1305 2135 c.
1328 2084 1382 2152 8)
1404 2084 1599 2134 idcirco
1624 2087 1748 2133 ante
1774 2082 1956 2133 omnia
1981 2082 2212 2132 tenenda

300 2186 362 2220 ac
402 2169 724 2221 inviolabilis
768 2170 1113 2221 custodienda
1155 2174 1237 2221 est
1276 2186 1402 2220 sana
1441 2174 1498 2220 et
1539 2169 1830 2220 orthodoxa
1871 2169 2018 2231 fides,
2050 2185 2212 2235 quam

244 2277 250 2281 ·
300 2259 468 2319 tenet,
491 2272 796 2324 semperque
819 2256 1015 2319 tenuit,
1041 2254 1095 2307 S.
1121 2255 1358 2307 Ecclesia
1384 2254 1673 2308 Catholica.
1750 2255 2020 2322 Quidquid
2046 2255 2214 2322 igitur

300 2343 358 2394 in
384 2342 620 2394 conciliis
654 2341 1007 2393 oecumenicis
1044 2340 1328 2392 definitum
1367 2342 1488 2405 fuit,
1529 2342 1839 2410 praesertim
1876 2358 1995 2393 vero
2033 2341 2213 2392 omnia

301 2431 359 2479 et
405 2427 617 2497 singula
670 2443 807 2495 quae
855 2443 888 2478 a
950 2425 1291 2479 Sacrosancta
1357 2428 1674 2480 Tridentina
1727 2428 1938 2497 Synodo
1989 2429 2211 2490 sancita,

301 2513 541 2576 definita,
566 2513 649 2565 vel
672 2513 1012 2582 promulgata
1038 2517 1179 2577 sunt,
1206 2529 1414 2564 summa
1438 2515 1607 2564 animi
1640 2515 1931 2565 reverentia
1957 2517 2013 2565 et
2037 2530 2213 2564 amore

301 2598 693 2666 amplectimur,
718 2597 1050 2660 confitemur,
1076 2603 1132 2649 et
1156 2614 1322 2667 usque
1346 2599 1415 2650 ad
1452 2604 1751 2650 extremum
1790 2600 2038 2667 spiritum
2075 2600 2215 2649 inte-

303 2687 505 2735 merata
545 2699 764 2747 servare,
796 2682 896 2735 Dei
933 2683 1223 2753 adjuvante
1260 2685 1451 2753 gratia,
1490 2686 1840 2737 intendimus·
1916 2685 2213 2751 Omniaque

304 2785 464 2838 prava
500 2769 768 2837 dogmata,
805 2786 1092 2837 omnesque
1128 2770 1363 2822 haereses
1400 2775 1455 2821 et
1493 2787 1683 2822 errores
1707 2771 1765 2822 in
1790 2770 1950 2823 dict-is
1974 2770 2213 2822 conciliis

304 2856 605 2920 damnatOS,
622 2872 716 2907 nos
740 2856 938 2924 pariter
960 2856 1230 2924 rejicimus
1256 2860 1311 2908 et
1335 2857 1762 2908 condemnamus.

449 2942 500 2992 2.
551 2939 656 2992 Sed
680 2958 805 2992 cum
828 2940 1088 2992 Dominus
1112 2957 1206 2992 nos
1231 2958 1322 3008 per
1346 2942 1660 3010 prophetam
1680 2942 1989 2993 adhortetur
2008 2941 2211 2994 dicens:

306 3022 587 3077 Attendite
610 3023 687 3076 acl
704 3029 927 3094 petram
950 3023 1104 3077 unde
1129 3024 1298 3078 excisi
1322 3024 1483 3087 estis;
1520 3018 1786 3078 attendite
1810 3025 1887 3078 ad
1911 3026 2213 3091 Abraham,

300 3115 524 3181 patrem
557 3115 802 3163 vestrum
840 3110 976 3178 (Ιεα.
1004 3124 1096 3175 L1.,
1139 3114 1211 3181 1),
1247 3129 1477 3180 aequum
1512 3116 1593 3163 est
1629 3129 1741 3175 nos„
1774 3114 1867 3180 qui
1899 3113 2213 3164 immediate

306 3197 375 3247 ab
421 3197 727 3265 Apostolica
772 3195 904 3248 Sede
952 3197 1131 3259 fidem,
1171 3198 1541 3261 sacerdotium,
1580 3215 1860 3265 veramque
1903 3199 2212 3267 religionem

305 3283 622 3351 accepimuS,
648 3283 821 3335 eidem
854 3283 973 3351 plus
1009 3283 1230 3335 caet-eris
1266 3283 1458 3334 amoris
1496 3287 1552 3334 et
1590 3283 1949 3334 observantiae
1988 3285 2213 3335 vinculis

306 3368 582 3437 adstringi.
678 3368 1112 3420 Fundamentum
1174 3370 1344 3438 igitur
1403 3385 1556 3419 verae
1617 3372 1673 3419 et
1722 3369 2038 3420 orthodoxae
2088 3370 2211 3420 fidei

305 3455 550 3522 ponimus
591 3455 732 3522 quod
776 3453 1038 3505 Dominus
1080 3454 1271 3505 Noster
1314 3453 1467 3505 Jesus
1513 3454 1751 3506 Christus
1791 3472 1982 3522 ponere
2020 3456 2211 3518 voluit,

305 3540 668 3591 inconcussam
695 3540 897 3591 scilicet
923 3540 1072 3591 Petri
1100 3538 1438 3603 Cathedram,
1463 3541 1631 3590 totius
1657 3537 1800 3592 orbis
1822 3543 2131 3607 magistram
2158 3546 2213 3591 et

306 3629 551 3688 matrem,
596 3625 649 3676 S.
700 3623 997 3675 Romanam
1047 3624 1358 3676 Ecclesiam.
1448 3623 1722 3691 Quidquid
1771 3625 1839 3675 ab
1887 3626 2002 3692 ipsa
2052 3627 2211 3676 semel

343 3778 399 3833 (¹)
420 3779 613 3830 Decreta,
636 3792 816 3831 quorum
832 3779 952 3819 tituli
971 3779 1107 3819 solum
1126 3779 1215 3819 sine
1233 3781 1356 3819 textu
1375 3780 1617 3828 exarantur,
1641 3791 1689 3817 ea
1708 3791 1760 3817 ex
1778 3777 1942 3818 ratione
1962 3779 2195 3819 exscribere

322 3843 617 3894 abstinuimus,
652 3843 765 3895 quod
794 3843 908 3896 apud
939 3856 1083 3883 omnes
1113 3845 1303 3883 auctores
1334 3843 1409 3895 qui
1442 3842 1492 3882 de
1520 3855 1565 3881 re
1598 3842 1790 3895 synodali
1822 3845 2020 3889 tractant,
2041 3844 2195 3896 passim

323 3910 615 3954 inveniuntur.
