2514 4504
409 389 529 450 168
962 408 1121 451 conc.
1169 408 1335 453 Pnov.
1381 407 1598 452 wns'rM.
1646 411 1732 453 111.

398 552 612 620 plenam
660 553 1063 606 instructionem
1117 554 1471 623 requiruntur,
1519 555 1662 607 intra
1713 557 2027 610 domesticos
2076 559 2302 626 parietes

399 640 657 691 contineri
692 643 916 707 oportet.
989 640 1190 691 Mirum
1227 641 1395 710 igitur
1432 657 1540 691 non
1577 644 1658 692 est
1701 641 1746 692 si
1782 642 2087 694 docentium
2113 661 2302 713 corpus

397 725 678 792 praecipue
703 728 909 776 constet
934 741 997 776 ex
1015 725 1083 776 iis
1108 726 1202 792 qui
1227 725 1312 775 vel
1338 725 1516 776 studia
1535 725 1834 794 theologica
1858 726 2042 777 eodem
2067 731 2302 796 tempore

398 814 798 877 prosequuntur,
823 810 907 861 vel
932 811 1024 877 qui
1050 827 1111 861 ea
1134 812 1531 878 interrumpunt
1554 814 1618 860 ut
1654 810 1860 862 litteras
1885 811 2126 864 doceant.
2199 813 2304 865 Isti

397 895 613 962 quidem
638 896 811 946 multo
835 897 1013 947 minus
1055 914 1216 964 quam
1259 897 1342 947 illi
1385 897 1666 960 amittunt,
1693 913 1816 948 cum
1841 897 1938 947 uni
1964 898 2061 949 soli
2085 899 2302 968 negotio

399 981 586 1046 quovis
619 984 851 1048 tempore
894 998 948 1032 se
985 981 1198 1032 dedant.
1274 980 1616 1049 Superiorum
1659 998 1783 1050 ergo
1823 981 2064 1034 solertiae
2099 987 2156 1035 et
2193 983 2306 1036 zelo

398 1066 824 1117 commendamus
868 1066 1234 1117 fundationem
1277 1065 1643 1117 cathedrarum
1691 1083 1815 1116 cum
1863 1066 2135 1119 dotatione
2181 1084 2307 1120 con-

397 1150 649 1201 venienti.
739 1149 844 1201 Sed
894 1150 1298 1201 desiderandum
1346 1154 1411 1201 ut
1458 1150 1639 1201 nullus
1665 1149 1896 1203 Clericus
1920 1153 2100 1203 minus
2135 1169 2298 1221 quam

397 1238 620 1302 quatuor
643 1236 874 1304 integros
898 1251 1060 1286 annos
1084 1235 1144 1286 in
1168 1235 1438 1305 theologia
1461 1236 1778 1288 addiscenda
1801 1238 2056 1303 insumat,
2081 1255 2304 1308 eamque

396 1336 502 1370 non
526 1321 821 1388 interrupto
847 1338 1001 1372 cursu
1025 1321 1262 1372 absolute
1286 1325 1570 1388 percurrat.

540 1406 650 1457 III.
701 1406 768 1456 In
792 1406 891 1456 hoc
916 1423 1036 1457 vero
1061 1406 1324 1457 laudanda
1367 1411 1493 1457 sunt
1534 1410 1711 1460 nostra
1754 1406 2008 1478 Collegia,
2031 1409 2171 1478 quod
2210 1426 2323 1478 pro·

398 1489 451 1543 S.
490 1489 775 1560 Theologia
811 1491 1066 1543 tradenda
1101 1491 1407 1559 professores
1441 1492 1607 1543 etiam
1642 1494 1702 1544 in
1738 1493 2043 1563 longinquis
2078 1495 2308 1564 regioni-

399 1575 497 1627 bus
521 1576 843 1643 quaesierint
868 1579 924 1627 et
959 1576 1203 1628 inventos
1228 1577 1479 1628 benevole
1517 1579 1852 1646 exceperint3
1895 1580 2004 1630 sive
2030 1579 2160 1630 Itali
2197 1581 2306 1632 sive

400 1661 651 1713 Germani
693 1663 906 1714 fuerint.
995 1652 1119 1713 Hoc
1155 1679 1330 1714 recens
1372 1663 1570 1726 evenit,
1612 1681 1715 1732 quo
1753 1665 1882 1716 satis
1918 1668 2126 1716 constat
2167 1664 2306 1716 nihil

399 1764 580 1798 eorum
617 1748 967 1815 superioribus
992 1748 1165 1816 magis
1190 1765 1299 1799 esse
1324 1749 1468 1800 cordi
1493 1765 1655 1816 quam
1679 1750 1739 1800 in
1764 1750 1906 1801 hisce
1931 1751 2122 1802 studiis
2146 1750 2304 1819 profi-

398 1849 527 1883 cere.
588 1831 689 1884 Sed
714 1831 884 1883 adhuc
910 1833 1081 1884 forsan
1101 1833 1396 1900 optandum
1420 1838 1554 1884 esset
1580 1838 1644 1884 ut
1667 1851 1919 1886 numerus
1939 1835 2306 1886 cathedrarum

396 1921 813 1988 theologicarum
850 1923 1241 1990 augmentetur,
1268 1924 1323 1971 et
1348 1936 1380 1969 a
1403 1920 1530 1971 viris
1555 1921 1725 1972 doctis
1763 1924 1820 1971 et
1855 1921 2021 1972 etiam
2057 1921 2305 1972 laureatis

398 2005 533 2057 istae
558 2009 896 2073 occupentur.
971 2005 1120 2055 Tunc
1144 2005 1288 2055 enim
1325 2021 1431 2056 non
1461 2004 1633 2056 solum
1657 2004 1884 2073 amplior
1908 2009 1965 2056 et
1999 2005 2306 2073 profundior

397 2095 531 2142 esset
555 2091 792 2160 cognitio
818 2106 1080 2141 sacrarum
1123 2088 1543 2157 disciplinarum,
1568 2091 1659 2142 sed
1685 2090 1850 2142 etiam
1873 2090 1982 2142 illis
2005 2106 2142 2159 quae
2164 2106 2308 2142 nunc

402 2176 701 2238 traduntur,
726 2176 862 2227 aliae
886 2176 1139 2243 perutiles
1163 2176 1387 2244 adjungi
1408 2180 1639 2244 possent.

543 2261 637 2311 IV.
690 2260 961 2324 Quamvis,
1009 2257 1168 2312 verbi'
1216 2261 1408 2329 gratia,
1458 2261 1697 2313 studium
1746 2259 1802 2313 S.
1853 2259 2154 2329 Scripturae
2199 2277 2308 2312 non

397 2345 716 2416 negligatur,
743 2346 832 2396 sed
862 2345 1043 2413 potius
1069 2346 1354 2415 diligenter
1395 2362 1490 2414 pro
1531 2362 1703 2397 rerum
1739 2346 2046 2397 conditione
2084 2346 2304 2409 colatur,

399 2437 580 2483 tamen
622 2432 712 2482 vix
755 2429 1017 2482 sufficiens
1059 2432 1272 2482 videtur
1311 2431 1480 2498 ipsius
1515 2431 1736 2483 traditio
1772 2448 1867 2499 pro
1909 2430 2304 2499 quaestionibus

400 2517 735 2567 enucleandis
759 2533 892 2584 quae
927 2516 1012 2566 his
1036 2516 1343 2567 miserrimis
1379 2515 1708 2584 temporibus
1743 2515 1983 2583 quotidie
2005 2515 2307 2583 insurgunt,

401 2601 486 2652 vel
510 2603 578 2652 ad
603 2618 734 2668 opus
770 2601 1176 2669 praedicationis
1200 2601 1284 2652 vel
1326 2601 1491 2652 etiam
1528 2601 1596 2651 ad
1638 2601 1921 2651 asceticam
1947 2603 2004 2651 et
2038 2600 2305 2650 internam

399 2690 568 2740 animi
593 2690 961 2741 eruditionem.
1035 2689 1103 2739 In
1127 2689 1324 2758 Anglia
1347 2689 1493 2739 enim
1517 2689 1608 2739 vix
1631 2688 1740 2739 dici
1776 2692 1953 2756 potest
1982 2689 2306 2739 immensum

398 2778 661 2841 quantum
702 2775 923 2825 creverit
965 2774 1202 2825 hostium
1243 2774 1514 2843 religionis
1562 2774 1820 2825 acerbitas
1866 2773 2111 2824 adversus
2147 2788 2306 2824 omne

398 2860 538 2927 quod
563 2860 759 2910 dicitur
782 2858 924 2910 Deus
948 2863 1045 2910 aut
1069 2859 1209 2926 quod
1234 2859 1441 2922 colitur,
1460 2859 1740 2927 praecipue
1763 2875 1883 2910 vero
1908 2858 2039 2926 Ejus
2064 2862 2304 2909 sanctam

398 2946 589 3013 legem.
651 2944 803 2994 Talia
826 2961 945 2996 vero
970 2949 1095 2996 sunt
1118 2944 1243 3008 ista,
1259 2948 1324 2996 ut
1347 2944 1437 2996 vix
1455 2945 1565 2996 sine
1591 2944 1757 2995 solida
1773 2943 2074 2994 eruditione
2096 2942 2302 3011 possint

399 3030 679 3082 confutari.

542 3115 607 3165 V.
657 3114 741 3165 Ad
782 3114 918 3165 hanc
961 3115 1332 3182 acquirendam
1374 3114 1611 3166 multum
1653 3114 1795 3165 certe
1828 3112 2044 3181 juvaret
2085 3112 2300 3182 linguae

400 3200 691 3251 Hebraicae
733 3201 970 3251 studium
1009 3201 1195 3251 saltem
1240 3201 1677 3259 elementarium3
1725 3199 1806 3249 ita
1841 3202 1906 3249 ut
1948 3215 2128 3250 omnes
2166 3197 2300 3248 deli-

399 3286 571 3336 bando
619 3289 837 3353 gustent
886 3286 1027 3354 quod
1080 3286 1324 3336 nonnulli
1384 3284 1591 3335 meliori
1639 3283 1856 3350 ingenio
1906 3283 2078 3334 dotati
2128 3283 2301 3334 forsan

400 3371 688 3438 impensius
712 3375 1119 3438 prosequentur3
1169 3371 1311 3438 quod
1348 3387 1467 3421 vero
1491 3368 1693 3420 nemini
1717 3368 1852 3419 utile
1876 3384 1984 3419 non
2009 3368 2112 3418 erit
2135 3368 2302 3418 etiam

402 3455 588 3506 leviter
612 3455 873 3522 attigisse.

543 3540 638 3591 VI.
690 3539 825 3591 Cum
884 3556 976 3607 per
1036 3539 1402 3590 Hierarchiam
1472 3538 1896 3590 Ecclesiasticam
1957 3537 2185 3588 feliciter
2242 3537 2300 3586 in

402 3625 596 3694 Anglia
620 3626 941 3689 restitutam,
967 3625 1357 3676 administratio
1382 3624 1720 3675 Dioeceseum
1748 3625 1909 3691 juxta
1933 3623 2139 3691 regulas
2158 3620 2301 3689 juris

403 3711 475 3761 sit
499 3711 740 3779 gerenda,
765 3727 991 3777 cumque
1032 3726 1213 3779 graves
1256 3709 1586 3776 quaestiones
1622 3709 1680 3758 in
1706 3707 1929 3776 Synodis
1954 3712 2067 3757 tam
2091 3708 2301 3775 provin-
