<?xml version="1.0" encoding="UTF-8"?>
<!DOCTYPE html PUBLIC "-//W3C//DTD XHTML 1.0 Transitional//EN"
    "http://www.w3.org/TR/xhtml1/DTD/xhtml1-transitional.dtd">
<html xmlns="http://www.w3.org/1999/xhtml" xml:lang="en" lang="en">
 <head>
  <title>
</title>
<meta http-equiv="Content-Type" content="text/html;charset=utf-8" />
  <meta name='ocr-system' content='tesseract 3.04.00' />
  <meta name='ocr-capabilities' content='ocr_page ocr_carea ocr_par ocr_line ocrx_word'/>
</head>
<body>
  <div class='ocr_page' id='page_1' title='image "a613743300cathuoft_0319.png"; bbox 0 0 2514 4504; ppageno 0'>
   <div class='ocr_carea' id='block_1_1' title="bbox 878 434 2061 503">
    <p class='ocr_par' dir='ltr' id='par_1_1' title="bbox 878 434 2061 503">
     <span class='ocr_line' id='line_1_1' title="bbox 878 434 2061 503; baseline 0.001 -14"><span class='ocrx_word' id='word_1_1' title='bbox 878 447 1127 491; x_wconf 81' lang='lat' dir='ltr'><strong>APPEND.</strong></span> <span class='ocrx_word' id='word_1_2' title='bbox 1176 447 1275 503; x_wconf 83' lang='lat' dir='ltr'>1v.‚</span> <span class='ocrx_word' id='word_1_3' title='bbox 1322 448 1373 487; x_wconf 83' lang='lat' dir='ltr'>v.</span> <span class='ocrx_word' id='word_1_4' title='bbox 1947 434 2061 492; x_wconf 78' lang='lat'>301</span> 
     </span>
    </p>
   </div>
   <div class='ocr_carea' id='block_1_2' title="bbox 97 590 2076 1258">
    <p class='ocr_par' dir='ltr' id='par_1_2' title="bbox 164 590 2075 1087">
     <span class='ocr_line' id='line_1_2' title="bbox 309 590 2075 664; baseline -0.001 -18"><span class='ocrx_word' id='word_1_5' title='bbox 309 595 653 664; x_wconf 83' lang='lat' dir='ltr'>Quapropter,</span> <span class='ocrx_word' id='word_1_6' title='bbox 696 609 763 644; x_wconf 90' lang='lat' dir='ltr'>ne</span> <span class='ocrx_word' id='word_1_7' title='bbox 803 590 1064 642; x_wconf 82' lang='lat' dir='ltr'>similibus</span> <span class='ocrx_word' id='word_1_8' title='bbox 1105 591 1312 641; x_wconf 89' lang='lat' dir='ltr'>damnis</span> <span class='ocrx_word' id='word_1_9' title='bbox 1353 591 1439 641; x_wconf 85' lang='lat' dir='ltr'>via</span> <span class='ocrx_word' id='word_1_10' title='bbox 1475 590 1533 641; x_wconf 92' lang='lat' dir='ltr'>in</span> <span class='ocrx_word' id='word_1_11' title='bbox 1571 596 1836 659; x_wconf 79' lang='lat' dir='ltr'>posterum</span> <span class='ocrx_word' id='word_1_12' title='bbox 1876 600 2075 660; x_wconf 84' lang='lat' dir='ltr'>pateat,</span> 
     </span>
     <span class='ocr_line' id='line_1_3' title="bbox 165 676 2075 747; baseline -0.005 -12"><span class='ocrx_word' id='word_1_13' title='bbox 165 683 380 736; x_wconf 89' lang='lat' dir='ltr'>omnino</span> <span class='ocrx_word' id='word_1_14' title='bbox 406 681 626 732; x_wconf 90' lang='lat' dir='ltr'>mandat</span> <span class='ocrx_word' id='word_1_15' title='bbox 653 678 706 730; x_wconf 83' lang='lat' dir='ltr'>S.</span> <span class='ocrx_word' id='word_1_16' title='bbox 735 677 1086 747; x_wconf 83' lang='lat' dir='ltr'>Congregatio</span> <span class='ocrx_word' id='word_1_17' title='bbox 1112 676 1356 727; x_wconf 87' lang='lat' dir='ltr'>omnibus</span> <span class='ocrx_word' id='word_1_18' title='bbox 1391 676 1666 744; x_wconf 88' lang='lat' dir='ltr'>Episeopis</span> <span class='ocrx_word' id='word_1_19' title='bbox 1700 677 1756 727; x_wconf 92' lang='lat' dir='ltr'>in</span> <span class='ocrx_word' id='word_1_20' title='bbox 1791 677 1917 727; x_wconf 83' lang='lat' dir='ltr'>locis</span> <span class='ocrx_word' id='word_1_21' title='bbox 1951 679 2075 727; x_wconf 85' lang='lat' dir='ltr'>mis-</span> 
     </span>
     <span class='ocr_line' id='line_1_4' title="bbox 164 761 2074 834; baseline -0.004 -15"><span class='ocrx_word' id='word_1_22' title='bbox 164 770 371 820; x_wconf 88' lang='lat' dir='ltr'>sionum</span> <span class='ocrx_word' id='word_1_23' title='bbox 408 764 743 834; x_wconf 76' lang='lat' dir='ltr'>degentibuS,</span> <span class='ocrx_word' id='word_1_24' title='bbox 779 779 876 813; x_wconf 89' lang='lat' dir='ltr'>nec</span> <span class='ocrx_word' id='word_1_25' title='bbox 914 778 1022 812; x_wconf 89' lang='lat' dir='ltr'>non</span> <span class='ocrx_word' id='word_1_26' title='bbox 1058 761 1283 812; x_wconf 89' lang='lat' dir='ltr'>Vicariis</span> <span class='ocrx_word' id='word_1_27' title='bbox 1317 779 1376 812; x_wconf 91' lang='lat' dir='ltr'>ac</span> <span class='ocrx_word' id='word_1_28' title='bbox 1418 761 1705 812; x_wconf 82' lang='lat' dir='ltr'>Praefectis</span> <span class='ocrx_word' id='word_1_29' title='bbox 1744 763 2074 830; x_wconf 79' lang='lat' dir='ltr'>Apostolicis,</span> 
     </span>
     <span class='ocr_line' id='line_1_5' title="bbox 164 848 2074 919; baseline -0.003 -15"><span class='ocrx_word' id='word_1_30' title='bbox 164 858 244 917; x_wconf 89' lang='lat' dir='ltr'>ut,</span> <span class='ocrx_word' id='word_1_31' title='bbox 269 850 863 919; x_wconf 81' lang='lat' dir='ltr'>omnitergiversatione</span> <span class='ocrx_word' id='word_1_32' title='bbox 890 848 1133 915; x_wconf 90' lang='lat' dir='ltr'>seposita,</span> <span class='ocrx_word' id='word_1_33' title='bbox 1152 848 1357 898; x_wconf 76' lang='lat' dir='ltr'>litteras</span> <span class='ocrx_word' id='word_1_34' title='bbox 1377 848 1840 897; x_wconf 83' lang='lat' dir='ltr'>commendatitias</span> <span class='ocrx_word' id='word_1_35' title='bbox 1866 865 2074 899; x_wconf 84' lang='lat' dir='ltr'>suomm</span> 
     </span>
     <span class='ocr_line' id='line_1_6' title="bbox 165 933 2074 1007; baseline -0.004 -17"><span class='ocrx_word' id='word_1_36' title='bbox 165 939 545 1007; x_wconf 88' lang='lat' dir='ltr'>Episcoporum</span> <span class='ocrx_word' id='word_1_37' title='bbox 585 953 617 987; x_wconf 91' lang='lat' dir='ltr'>a</span> <span class='ocrx_word' id='word_1_38' title='bbox 654 935 856 986; x_wconf 85' lang='lat' dir='ltr'>clericis</span> <span class='ocrx_word' id='word_1_39' title='bbox 893 938 949 985; x_wconf 87' lang='lat' dir='ltr'>et</span> <span class='ocrx_word' id='word_1_40' title='bbox 985 934 1341 985; x_wconf 88' lang='lat' dir='ltr'>sacerdotibus</span> <span class='ocrx_word' id='word_1_41' title='bbox 1378 934 1664 1002; x_wconf 87' lang='lat' dir='ltr'>peregrinis</span> <span class='ocrx_word' id='word_1_42' title='bbox 1694 933 1943 1003; x_wconf 83' lang='lat' dir='ltr'>exigant3</span> <span class='ocrx_word' id='word_1_43' title='bbox 1981 935 2074 1001; x_wconf 88' lang='lat' dir='ltr'>qui</span> 
     </span>
     <span class='ocr_line' id='line_1_7' title="bbox 164 1020 1291 1087; baseline -0.005 -10"><span class='ocrx_word' id='word_1_44' title='bbox 164 1042 284 1077; x_wconf 87' lang='lat' dir='ltr'>vero</span> <span class='ocrx_word' id='word_1_45' title='bbox 307 1024 373 1075; x_wconf 89' lang='lat' dir='ltr'>iis</span> <span class='ocrx_word' id='word_1_46' title='bbox 399 1026 608 1074; x_wconf 85' lang='lat' dir='ltr'>careant</span> <span class='ocrx_word' id='word_1_47' title='bbox 634 1020 928 1072; x_wconf 88' lang='lat' dir='ltr'>nullimode</span> <span class='ocrx_word' id='word_1_48' title='bbox 952 1020 1291 1087; x_wconf 85' lang='lat' dir='ltr'>recipiantur.</span> 
     </span>
    </p>

    <p class='ocr_par' dir='ltr' id='par_1_3' title="bbox 97 1105 2076 1258">
     <span class='ocr_line' id='line_1_8' title="bbox 306 1105 2076 1176; baseline -0.002 -16"><span class='ocrx_word' id='word_1_49' title='bbox 306 1109 424 1160; x_wconf 90' lang='lat' dir='ltr'>Hoc</span> <span class='ocrx_word' id='word_1_50' title='bbox 450 1106 859 1176; x_wconf 90' lang='lat' dir='ltr'>significandum</span> <span class='ocrx_word' id='word_1_51' title='bbox 884 1105 1247 1173; x_wconf 89' lang='lat' dir='ltr'>Amplitudini</span> <span class='ocrx_word' id='word_1_52' title='bbox 1274 1105 1419 1156; x_wconf 87' lang='lat' dir='ltr'>Tuae</span> <span class='ocrx_word' id='word_1_53' title='bbox 1445 1109 1588 1167; x_wconf 83' lang='lat' dir='ltr'>erat3</span> <span class='ocrx_word' id='word_1_54' title='bbox 1624 1123 1722 1175; x_wconf 88' lang='lat' dir='ltr'>ego</span> <span class='ocrx_word' id='word_1_55' title='bbox 1748 1123 1868 1158; x_wconf 89' lang='lat' dir='ltr'>vero</span> <span class='ocrx_word' id='word_1_56' title='bbox 1898 1124 2076 1175; x_wconf 89' lang='lat' dir='ltr'>precor</span> 
     </span>
     <span class='ocr_line' id='line_1_9' title="bbox 97 1191 1317 1258; baseline -0.007 -10"><span class='ocrx_word' id='word_1_57' title='bbox 97 1191 100 1194; x_wconf 44' lang='lat'><strong>⁴</strong></span> <span class='ocrx_word' id='word_1_58' title='bbox 164 1196 337 1247; x_wconf 90' lang='lat' dir='ltr'>Deum</span> <span class='ocrx_word' id='word_1_59' title='bbox 362 1198 425 1244; x_wconf 92' lang='lat' dir='ltr'>ut</span> <span class='ocrx_word' id='word_1_60' title='bbox 449 1197 504 1244; x_wconf 89' lang='lat' dir='ltr'>te</span> <span class='ocrx_word' id='word_1_61' title='bbox 528 1191 829 1243; x_wconf 90' lang='lat' dir='ltr'>diutissime</span> <span class='ocrx_word' id='word_1_62' title='bbox 855 1191 1106 1258; x_wconf 86' lang='lat' dir='ltr'>sospitem</span> <span class='ocrx_word' id='word_1_63' title='bbox 1133 1196 1317 1241; x_wconf 86' lang='lat' dir='ltr'>servet.</span> 
     </span>
    </p>
   </div>
   <div class='ocr_carea' id='block_1_3' title="bbox 308 1276 1668 1347">
    <p class='ocr_par' dir='ltr' id='par_1_4' title="bbox 308 1276 1668 1347">
     <span class='ocr_line' id='line_1_10' title="bbox 308 1276 1668 1347; baseline 0 -15"><span class='ocrx_word' id='word_1_64' title='bbox 308 1281 506 1332; x_wconf 89' lang='lat' dir='ltr'>Romae</span> <span class='ocrx_word' id='word_1_65' title='bbox 530 1297 594 1331; x_wconf 86' lang='lat' dir='ltr'>ex</span> <span class='ocrx_word' id='word_1_66' title='bbox 619 1278 852 1329; x_wconf 91' lang='lat' dir='ltr'>Aedibus</span> <span class='ocrx_word' id='word_1_67' title='bbox 877 1276 931 1330; x_wconf 81' lang='lat' dir='ltr'>S.</span> <span class='ocrx_word' id='word_1_68' title='bbox 960 1276 1038 1341; x_wconf 86' lang='lat' dir='ltr'>C.,</span> <span class='ocrx_word' id='word_1_69' title='bbox 1063 1278 1150 1329; x_wconf 92' lang='lat' dir='ltr'>die</span> <span class='ocrx_word' id='word_1_70' title='bbox 1177 1280 1247 1329; x_wconf 88' lang='grc'>20</span> <span class='ocrx_word' id='word_1_71' title='bbox 1272 1278 1485 1347; x_wconf 79' lang='lat' dir='ltr'>Aprilis,</span> <span class='ocrx_word' id='word_1_72' title='bbox 1517 1279 1668 1332; x_wconf 89' lang='lat'>1873.</span> 
     </span>
    </p>
   </div>
   <div class='ocr_carea' id='block_1_4' title="bbox 522 1412 1866 1695">
    <p class='ocr_par' dir='ltr' id='par_1_5' title="bbox 522 1412 1866 1695">
     <span class='ocr_line' id='line_1_11' title="bbox 522 1412 1476 1476; baseline -0.003 -9"><span class='ocrx_word' id='word_1_73' title='bbox 522 1415 931 1468; x_wconf 89' lang='lat' dir='ltr'>Addictissimus</span> <span class='ocrx_word' id='word_1_74' title='bbox 956 1415 1014 1465; x_wconf 90' lang='lat' dir='ltr'>in</span> <span class='ocrx_word' id='word_1_75' title='bbox 1041 1412 1250 1465; x_wconf 89' lang='lat' dir='ltr'>Christo</span> <span class='ocrx_word' id='word_1_76' title='bbox 1277 1413 1476 1476; x_wconf 83' lang='lat' dir='ltr'>Frater,</span> 
     </span>
     <span class='ocr_line' id='line_1_12' title="bbox 992 1517 1742 1582; baseline 0.004 -3"><span class='ocrx_word' id='word_1_77' title='bbox 992 1529 1102 1580; x_wconf 86' lang='lat' dir='ltr'>AL.</span> <span class='ocrx_word' id='word_1_78' title='bbox 1142 1528 1348 1581; x_wconf 83' lang='lat' dir='ltr'><strong>CARD.</strong></span> <span class='ocrx_word' id='word_1_79' title='bbox 1388 1517 1742 1582; x_wconf 82' lang='lat' dir='ltr'><strong>BARNABO.</strong></span> 
     </span>
     <span class='ocr_line' id='line_1_13' title="bbox 1145 1642 1866 1695; baseline 0.003 -2"><span class='ocrx_word' id='word_1_80' title='bbox 1145 1642 1246 1694; x_wconf 91' lang='lat' dir='ltr'>Pro</span> <span class='ocrx_word' id='word_1_81' title='bbox 1272 1642 1336 1693; x_wconf 84' lang='lat' dir='ltr'>R.</span> <span class='ocrx_word' id='word_1_82' title='bbox 1364 1643 1425 1694; x_wconf 89' lang='lat' dir='ltr'>P.</span> <span class='ocrx_word' id='word_1_83' title='bbox 1452 1643 1518 1693; x_wconf 91' lang='lat' dir='ltr'>D.</span> <span class='ocrx_word' id='word_1_84' title='bbox 1546 1644 1866 1695; x_wconf 72' lang='lat' dir='ltr'>Secretario:</span> 
     </span>
    </p>
   </div>
   <div class='ocr_carea' id='block_1_5' title="bbox 342 1754 2069 1899">
    <p class='ocr_par' dir='ltr' id='par_1_6' title="bbox 342 1754 2069 1899">
     <span class='ocr_line' id='line_1_14' title="bbox 342 1754 2002 1828; baseline -0.001 -21"><span class='ocrx_word' id='word_1_85' title='bbox 342 1754 565 1828; x_wconf 71' lang='lat' dir='ltr'><strong>L.›1⁴S.</strong></span> <span class='ocrx_word' id='word_1_86' title='bbox 1256 1756 1488 1807; x_wconf 82' lang='lat' dir='ltr'><strong>ACHILL.</strong></span> <span class='ocrx_word' id='word_1_87' title='bbox 1517 1755 1651 1807; x_wconf 79' lang='lat' dir='ltr'><strong>CAN.</strong></span> <span class='ocrx_word' id='word_1_88' title='bbox 1679 1757 2002 1819; x_wconf 84' lang='lat' dir='ltr'>RINALDINI,</span> 
     </span>
     <span class='ocr_line' id='line_1_15' title="bbox 1642 1848 2069 1899; baseline -0.002 -11"><span class='ocrx_word' id='word_1_89' title='bbox 1642 1848 1685 1889; x_wconf 82' lang='lat' dir='ltr'>S.</span> <span class='ocrx_word' id='word_1_90' title='bbox 1721 1850 1837 1899; x_wconf 74' lang='lat' dir='ltr'><em>Conq.</em></span> <span class='ocrx_word' id='word_1_91' title='bbox 1873 1850 2069 1898; x_wconf 69' lang='lat' dir='ltr'>Officiale&#39;S.</span> 
     </span>
    </p>
   </div>
   <div class='ocr_carea' id='block_1_6' title="bbox 1082 2178 1163 2241">
    <p class='ocr_par' dir='ltr' id='par_1_7' title="bbox 1082 2178 1163 2241">
     <span class='ocr_line' id='line_1_16' title="bbox 1082 2178 1163 2241; baseline 0.012 -1"><span class='ocrx_word' id='word_1_92' title='bbox 1082 2178 1163 2241; x_wconf 93' lang='lat' dir='ltr'>V.</span> 
     </span>
    </p>
   </div>
   <div class='ocr_carea' id='block_1_7' title="bbox 166 2343 2076 2398">
    <p class='ocr_par' dir='ltr' id='par_1_8' title="bbox 166 2343 2076 2398">
     <span class='ocr_line' id='line_1_17' title="bbox 166 2343 2076 2398; baseline 0 -1"><span class='ocrx_word' id='word_1_93' title='bbox 166 2344 261 2397; x_wconf 91' lang='lat' dir='ltr'>DE</span> <span class='ocrx_word' id='word_1_94' title='bbox 299 2343 544 2398; x_wconf 84' lang='lat' dir='ltr'>LIBRIS</span> <span class='ocrx_word' id='word_1_95' title='bbox 582 2344 1169 2398; x_wconf 83' lang='lat' dir='ltr'><strong>CAPITULARIBUS</strong></span> <span class='ocrx_word' id='word_1_96' title='bbox 1210 2343 1561 2397; x_wconf 83' lang='lat' dir='ltr'>EPISCOPO</span> <span class='ocrx_word' id='word_1_97' title='bbox 1601 2344 2076 2397; x_wconf 86' lang='lat' dir='ltr'>EXHIBENDIS.</span> 
     </span>
    </p>
   </div>
   <div class='ocr_carea' id='block_1_8' title="bbox 599 2493 1644 2534">
    <p class='ocr_par' dir='ltr' id='par_1_9' title="bbox 599 2493 1644 2534">
     <span class='ocr_line' id='line_1_18' title="bbox 599 2493 1644 2534; baseline 0 -2"><span class='ocrx_word' id='word_1_98' title='bbox 599 2493 946 2533; x_wconf 81' lang='lat' dir='ltr'><strong>RESCRIPTUM</strong></span> <span class='ocrx_word' id='word_1_99' title='bbox 982 2495 1025 2534; x_wconf 85' lang='lat' dir='ltr'>S.</span> <span class='ocrx_word' id='word_1_100' title='bbox 1064 2494 1340 2534; x_wconf 79' lang='lat' dir='ltr'><strong>OONGREG.</strong></span> <span class='ocrx_word' id='word_1_101' title='bbox 1380 2494 1644 2534; x_wconf 85' lang='lat' dir='ltr'><strong>CONCILII.</strong></span> 
     </span>
    </p>
   </div>
   <div class='ocr_carea' id='block_1_9' title="bbox 821 2608 1431 2665">
    <p class='ocr_par' dir='ltr' id='par_1_10' title="bbox 821 2608 1431 2665">
     <span class='ocr_line' id='line_1_19' title="bbox 821 2608 1431 2665; baseline 0 -10"><span class='ocrx_word' id='word_1_102' title='bbox 821 2616 918 2665; x_wconf 74' lang='lat' dir='ltr'>(Aa</span> <span class='ocrx_word' id='word_1_103' title='bbox 942 2608 1151 2656; x_wconf 77' lang='lat' dir='ltr'>Decretum</span> <span class='ocrx_word' id='word_1_104' title='bbox 1188 2615 1333 2664; x_wconf 65' lang='lat' dir='ltr'><em>VIII„</em></span> <span class='ocrx_word' id='word_1_105' title='bbox 1365 2617 1431 2665; x_wconf 74' lang='lat'>2.)</span> 
     </span>
    </p>
   </div>
   <div class='ocr_carea' id='block_1_10' title="bbox 165 2729 2074 3397">
    <p class='ocr_par' dir='ltr' id='par_1_11' title="bbox 165 2729 2074 3397">
     <span class='ocr_line' id='line_1_20' title="bbox 308 2729 2072 2803; baseline 0.002 -21"><span class='ocrx_word' id='word_1_106' title='bbox 308 2729 413 2783; x_wconf 70' lang='lat' dir='ltr'>Die</span> <span class='ocrx_word' id='word_1_107' title='bbox 462 2733 495 2782; x_wconf 88' lang='grc'><strong><em>2</em></strong></span> <span class='ocrx_word' id='word_1_108' title='bbox 539 2729 810 2798; x_wconf 71' lang='lat' dir='ltr'>Auyusti,</span> <span class='ocrx_word' id='word_1_109' title='bbox 857 2733 1013 2784; x_wconf 88' lang='lat'><strong>1869.</strong></span> <span class='ocrx_word' id='word_1_110' title='bbox 1090 2732 1246 2785; x_wconf 85' lang='lat' dir='ltr'>Sacra</span> <span class='ocrx_word' id='word_1_111' title='bbox 1298 2731 1648 2803; x_wconf 85' lang='lat' dir='ltr'>Congregatio</span> <span class='ocrx_word' id='word_1_112' title='bbox 1698 2734 1969 2785; x_wconf 89' lang='lat' dir='ltr'>Emorum.</span> <span class='ocrx_word' id='word_1_113' title='bbox 2021 2735 2072 2787; x_wconf 83' lang='lat' dir='ltr'>S.</span> 
     </span>
     <span class='ocr_line' id='line_1_21' title="bbox 166 2816 2072 2887; baseline 0.002 -20"><span class='ocrx_word' id='word_1_114' title='bbox 166 2816 435 2869; x_wconf 85' lang='lat' dir='ltr'>Romanae</span> <span class='ocrx_word' id='word_1_115' title='bbox 460 2817 727 2869; x_wconf 88' lang='lat' dir='ltr'>Ecclesiae</span> <span class='ocrx_word' id='word_1_116' title='bbox 754 2817 1115 2870; x_wconf 88' lang='lat' dir='ltr'>Cardinalium</span> <span class='ocrx_word' id='word_1_117' title='bbox 1143 2818 1369 2871; x_wconf 88' lang='lat' dir='ltr'>Concilii</span> <span class='ocrx_word' id='word_1_118' title='bbox 1394 2819 1694 2870; x_wconf 88' lang='lat' dir='ltr'>Tridentini</span> <span class='ocrx_word' id='word_1_119' title='bbox 1716 2820 2072 2887; x_wconf 88' lang='lat' dir='ltr'>Interpretum</span> 
     </span>
     <span class='ocr_line' id='line_1_22' title="bbox 165 2903 2073 2972; baseline 0.001 -19"><span class='ocrx_word' id='word_1_120' title='bbox 165 2903 375 2954; x_wconf 83' lang='lat' dir='ltr'>rescribi</span> <span class='ocrx_word' id='word_1_121' title='bbox 424 2903 730 2955; x_wconf 83' lang='lat' dir='ltr'>mandavit:</span> <span class='ocrx_word' id='word_1_122' title='bbox 752 2903 770 2934; x_wconf 79' lang='lat'><strong>¹</strong></span> <span class='ocrx_word' id='word_1_123' title='bbox 853 2903 1132 2955; x_wconf 87' lang='lat' dir='ltr'>Provisum</span> <span class='ocrx_word' id='word_1_124' title='bbox 1196 2921 1286 2971; x_wconf 91' lang='lat' dir='ltr'>per</span> <span class='ocrx_word' id='word_1_125' title='bbox 1351 2903 1621 2972; x_wconf 83' lang='lat' dir='ltr'>Synodum</span> <span class='ocrx_word' id='word_1_126' title='bbox 1690 2905 2073 2956; x_wconf 76' lang='lat' dir='ltr'>Provincialem</span> 
     </span>
     <span class='ocr_line' id='line_1_23' title="bbox 166 2986 2072 3056; baseline 0.002 -18"><span class='ocrx_word' id='word_1_127' title='bbox 166 2986 684 3038; x_wconf 89' lang='lat' dir='ltr'>Westmonasterien.</span> <span class='ocrx_word' id='word_1_128' title='bbox 722 2989 850 3038; x_wconf 90' lang='lat' dir='ltr'>anni</span> <span class='ocrx_word' id='word_1_129' title='bbox 894 2990 1051 3052; x_wconf 88' lang='lat'>1852,</span> <span class='ocrx_word' id='word_1_130' title='bbox 1088 2990 1231 3056; x_wconf 88' lang='lat' dir='ltr'>typis</span> <span class='ocrx_word' id='word_1_131' title='bbox 1269 2989 1471 3039; x_wconf 89' lang='lat' dir='ltr'>editam</span> <span class='ocrx_word' id='word_1_132' title='bbox 1508 3006 1645 3039; x_wconf 88' lang='lat' dir='ltr'>anno</span> <span class='ocrx_word' id='word_1_133' title='bbox 1689 2992 1842 3052; x_wconf 85' lang='lat'>1853,</span> <span class='ocrx_word' id='word_1_134' title='bbox 1879 2996 1933 3040; x_wconf 89' lang='lat' dir='ltr'>et</span> <span class='ocrx_word' id='word_1_135' title='bbox 1964 3008 1994 3040; x_wconf 89' lang='lat' dir='ltr'>a</span> <span class='ocrx_word' id='word_1_136' title='bbox 2020 2992 2072 3041; x_wconf 66' lang='lat' dir='ltr'>S.</span> 
     </span>
     <span class='ocr_line' id='line_1_24' title="bbox 167 3070 2074 3142; baseline 0.001 -19"><span class='ocrx_word' id='word_1_137' title='bbox 167 3070 586 3142; x_wconf 70' lang='lat' dir='ltr'>congregatione</span> <span class='ocrx_word' id='word_1_138' title='bbox 616 3074 680 3124; x_wconf 90' lang='lat' dir='ltr'>de</span> <span class='ocrx_word' id='word_1_139' title='bbox 714 3073 1060 3141; x_wconf 86' lang='lat' dir='ltr'>Propaganda</span> <span class='ocrx_word' id='word_1_140' title='bbox 1100 3073 1236 3124; x_wconf 88' lang='lat' dir='ltr'>Fide</span> <span class='ocrx_word' id='word_1_141' title='bbox 1271 3075 1598 3140; x_wconf 84' lang='lat' dir='ltr'>recognitam</span> <span class='ocrx_word' id='word_1_142' title='bbox 1639 3079 1693 3123; x_wconf 89' lang='lat' dir='ltr'>et</span> <span class='ocrx_word' id='word_1_143' title='bbox 1733 3075 2074 3141; x_wconf 84' lang='lat' dir='ltr'>approbatam</span> 
     </span>
     <span class='ocr_line' id='line_1_25' title="bbox 165 3156 2073 3227; baseline 0.002 -19"><span class='ocrx_word' id='word_1_144' title='bbox 165 3156 386 3208; x_wconf 89' lang='lat' dir='ltr'>Decreto</span> <span class='ocrx_word' id='word_1_145' title='bbox 411 3158 520 3208; x_wconf 89' lang='lat' dir='ltr'>diei</span> <span class='ocrx_word' id='word_1_146' title='bbox 549 3159 615 3207; x_wconf 88' lang='lat'>14</span> <span class='ocrx_word' id='word_1_147' title='bbox 639 3157 796 3220; x_wconf 85' lang='lat' dir='ltr'>Maii,</span> <span class='ocrx_word' id='word_1_148' title='bbox 828 3160 982 3221; x_wconf 90' lang='lat'>1853,</span> <span class='ocrx_word' id='word_1_149' title='bbox 1008 3158 1166 3209; x_wconf 91' lang='lat' dir='ltr'>Parte</span> <span class='ocrx_word' id='word_1_150' title='bbox 1192 3162 1243 3221; x_wconf 86' lang='lat'>2,</span> <span class='ocrx_word' id='word_1_151' title='bbox 1270 3157 1335 3210; x_wconf 77' lang='lat' dir='ltr'>de</span> <span class='ocrx_word' id='word_1_152' title='bbox 1362 3156 1601 3209; x_wconf 73' lang='lat' dir='ltr'>Statutis</span> <span class='ocrx_word' id='word_1_153' title='bbox 1631 3157 2073 3227; x_wconf 63' lang='lat' dir='ltr'>C&#39;apz&#39;tztlaribzcee,</span> 
     </span>
     <span class='ocr_line' id='line_1_26' title="bbox 165 3241 2074 3311; baseline 0.001 -18"><span class='ocrx_word' id='word_1_154' title='bbox 165 3241 258 3305; x_wconf 82' lang='lat' dir='ltr'>i-x.,</span> <span class='ocrx_word' id='word_1_155' title='bbox 281 3258 335 3294; x_wconf 90' lang='lat' dir='ltr'>n.</span> <span class='ocrx_word' id='word_1_156' title='bbox 362 3244 449 3304; x_wconf 85' lang='lat'>50,</span> <span class='ocrx_word' id='word_1_157' title='bbox 473 3258 595 3310; x_wconf 88' lang='lat' dir='ltr'>pag.</span> <span class='ocrx_word' id='word_1_158' title='bbox 627 3244 835 3292; x_wconf 75' lang='lat' dir='ltr'>loo—‘⁶</span> <span class='ocrx_word' id='word_1_159' title='bbox 855 3242 1048 3310; x_wconf 85' lang='lat' dir='ltr'>Copiae</span> <span class='ocrx_word' id='word_1_160' title='bbox 1081 3243 1462 3294; x_wconf 89' lang='lat' dir='ltr'>resolutionum</span> <span class='ocrx_word' id='word_1_161' title='bbox 1499 3243 1885 3310; x_wconf 89' lang='lat' dir='ltr'>Capitularium</span> <span class='ocrx_word' id='word_1_162' title='bbox 1923 3246 2074 3311; x_wconf 85' lang='lat' dir='ltr'>Epis-</span> 
     </span>
     <span class='ocr_line' id='line_1_27' title="bbox 167 3327 2073 3397; baseline 0.001 -19"><span class='ocrx_word' id='word_1_163' title='bbox 167 3343 296 3394; x_wconf 91' lang='lat' dir='ltr'>copo</span> <span class='ocrx_word' id='word_1_164' title='bbox 330 3327 634 3394; x_wconf 77' lang='lat' dir='ltr'>requirenti,</span> <span class='ocrx_word' id='word_1_165' title='bbox 653 3331 840 3394; x_wconf 87' lang='lat' dir='ltr'>utpote</span> <span class='ocrx_word' id='word_1_166' title='bbox 859 3329 948 3379; x_wconf 89' lang='lat' dir='ltr'>cui</span> <span class='ocrx_word' id='word_1_167' title='bbox 967 3329 1235 3380; x_wconf 86' lang='lat' dir='ltr'>incumbit</span> <span class='ocrx_word' id='word_1_168' title='bbox 1254 3329 1532 3397; x_wconf 87' lang='lat' dir='ltr'>invigilare</span> <span class='ocrx_word' id='word_1_169' title='bbox 1551 3335 1605 3379; x_wconf 88' lang='lat' dir='ltr'>et</span> <span class='ocrx_word' id='word_1_170' title='bbox 1625 3346 1982 3397; x_wconf 74' lang='lat' dir='ltr'>recognoscere</span> <span class='ocrx_word' id='word_1_171' title='bbox 2008 3347 2073 3380; x_wconf 92' lang='lat' dir='ltr'>ne</span> 
     </span>
    </p>
   </div>
   <div class='ocr_carea' id='block_1_11' title="bbox 164 3480 2073 3736">
    <p class='ocr_par' dir='ltr' id='par_1_12' title="bbox 164 3480 2073 3736">
     <span class='ocr_line' id='line_1_28' title="bbox 242 3480 2073 3535; baseline 0.001 -14"><span class='ocrx_word' id='word_1_172' title='bbox 242 3481 258 3505; x_wconf 84' lang='lat'>²</span> <span class='ocrx_word' id='word_1_173' title='bbox 276 3480 474 3527; x_wconf 83' lang='lat' dir='ltr'>Quaestio</span> <span class='ocrx_word' id='word_1_174' title='bbox 489 3482 590 3530; x_wconf 75' lang='lat' dir='ltr'>erat,</span> <span class='ocrx_word' id='word_1_175' title='bbox 607 3482 752 3521; x_wconf 87' lang='lat' dir='ltr'>utrum</span> <span class='ocrx_word' id='word_1_176' title='bbox 767 3480 916 3521; x_wconf 87' lang='lat' dir='ltr'>debeat</span> <span class='ocrx_word' id='word_1_177' title='bbox 932 3481 1175 3533; x_wconf 88' lang='lat' dir='ltr'>Capitulum</span> <span class='ocrx_word' id='word_1_178' title='bbox 1190 3482 1411 3535; x_wconf 83' lang='lat' dir='ltr'>Episcopo,</span> <span class='ocrx_word' id='word_1_179' title='bbox 1427 3483 1471 3522; x_wconf 92' lang='lat' dir='ltr'>id</span> <span class='ocrx_word' id='word_1_180' title='bbox 1486 3483 1599 3523; x_wconf 85' lang='lat' dir='ltr'>intra</span> <span class='ocrx_word' id='word_1_181' title='bbox 1614 3482 1827 3522; x_wconf 76' lang='lat' dir='ltr'>civitatem</span> <span class='ocrx_word' id='word_1_182' title='bbox 1842 3483 2073 3534; x_wconf 84' lang='lat' dir='ltr'>requirenti</span> 
     </span>
     <span class='ocr_line' id='line_1_29' title="bbox 164 3547 2073 3600; baseline -0.001 -12"><span class='ocrx_word' id='word_1_183' title='bbox 164 3548 319 3589; x_wconf 90' lang='lat' dir='ltr'>librum</span> <span class='ocrx_word' id='word_1_184' title='bbox 334 3547 607 3600; x_wconf 82' lang='lat' dir='ltr'>capitularem</span> <span class='ocrx_word' id='word_1_185' title='bbox 619 3547 816 3587; x_wconf 79' lang='lat' dir='ltr'>exhibere</span> <span class='ocrx_word' id='word_1_186' title='bbox 830 3548 1058 3600; x_wconf 87' lang='lat' dir='ltr'>integrum,</span> <span class='ocrx_word' id='word_1_187' title='bbox 1078 3551 1120 3589; x_wconf 91' lang='lat' dir='ltr'>et</span> <span class='ocrx_word' id='word_1_188' title='bbox 1134 3562 1220 3589; x_wconf 91' lang='lat' dir='ltr'>non</span> <span class='ocrx_word' id='word_1_189' title='bbox 1234 3552 1402 3589; x_wconf 84' lang='lat' dir='ltr'>tantum</span> <span class='ocrx_word' id='word_1_190' title='bbox 1417 3549 1764 3589; x_wconf 84' lang='lat' dir='ltr'>deliberationum</span> <span class='ocrx_word' id='word_1_191' title='bbox 1779 3549 2073 3600; x_wconf 73' lang='lat' dir='ltr'>capitularium</span> 
     </span>
     <span class='ocr_line' id='line_1_30' title="bbox 167 3616 2073 3668; baseline 0 -13"><span class='ocrx_word' id='word_1_192' title='bbox 167 3616 329 3666; x_wconf 87' lang='lat' dir='ltr'>copias;</span> <span class='ocrx_word' id='word_1_193' title='bbox 361 3627 410 3654; x_wconf 88' lang='lat' dir='ltr'>ac</span> <span class='ocrx_word' id='word_1_194' title='bbox 432 3616 647 3667; x_wconf 86' lang='lat' dir='ltr'>praeterea</span> <span class='ocrx_word' id='word_1_195' title='bbox 669 3616 827 3663; x_wconf 88' lang='lat' dir='ltr'>utrum,</span> <span class='ocrx_word' id='word_1_196' title='bbox 850 3617 1037 3667; x_wconf 87' lang='lat' dir='ltr'>tempore</span> <span class='ocrx_word' id='word_1_197' title='bbox 1059 3616 1328 3665; x_wconf 81' lang='lat' dir='ltr'>visitationis,</span> <span class='ocrx_word' id='word_1_198' title='bbox 1354 3616 1597 3668; x_wconf 79' lang='lat' dir='ltr'>Capitulum</span> <span class='ocrx_word' id='word_1_199' title='bbox 1619 3619 1813 3656; x_wconf 86' lang='lat' dir='ltr'>teneatur</span> <span class='ocrx_word' id='word_1_200' title='bbox 1839 3616 2073 3655; x_wconf 82' lang='lat' dir='ltr'>archivium</span> 
     </span>
     <span class='ocr_line' id='line_1_31' title="bbox 171 3680 1325 3736; baseline 0.003 -16"><span class='ocrx_word' id='word_1_201' title='bbox 171 3693 305 3731; x_wconf 83' lang='lat' dir='ltr'>suum,</span> <span class='ocrx_word' id='word_1_202' title='bbox 329 3680 485 3732; x_wconf 85' lang='lat' dir='ltr'>absque</span> <span class='ocrx_word' id='word_1_203' title='bbox 502 3681 590 3721; x_wconf 86' lang='lat' dir='ltr'>ulla</span> <span class='ocrx_word' id='word_1_204' title='bbox 608 3682 902 3732; x_wconf 73' lang='lat' dir='ltr'>reservatione,</span> <span class='ocrx_word' id='word_1_205' title='bbox 925 3682 1132 3735; x_wconf 89' lang='lat' dir='ltr'>Episcopo</span> <span class='ocrx_word' id='word_1_206' title='bbox 1150 3684 1325 3736; x_wconf 86' lang='lat' dir='ltr'>aperire.</span> 
     </span>
    </p>
   </div>
  </div>
 </body>
</html>
