2514 4504
416 345 538 405 302
984 362 1145 404 CONc.
1194 363 1361 404 PRov.
1408 363 1627 404 wner.
1676 363 1752 404 1v.

416 512 705 580 quidquam
731 528 823 578 per
850 509 1177 577 Capitulares
1210 509 1519 560 decernatur
1542 514 1725 560 contra
1739 509 1879 577 juris
1903 510 2320 578 dispositionem,

417 598 497 649 vel
537 598 596 648 in
635 597 772 664 praej
781 596 1021 646 udicium
1063 594 1349 658 Ecclesiae,
1387 611 1420 645 a
1461 593 1738 646 Canonicis
1776 595 2024 665 denegari
2061 611 2167 645 non
2205 610 2321 661 pos-

416 688 556 747 sunt,
582 684 806 751 illasque
829 699 861 733 a
888 681 1165 733 Canonicis
1190 680 1484 749 Episcopus
1515 682 1721 750 exigere
1751 680 1893 732 valet
1926 681 2024 732 sub
2053 679 2236 748 poenis
2267 682 2321 730 et

416 768 691 821 censuriS.”
759 768 983 835 Insuper
1007 768 1121 819 dari
1137 767 1301 836 jussit
1324 767 1699 819 resolutionem
1724 768 1783 818 in
1806 765 2073 818 Alben.-S.
2099 765 2322 816 Rituum

417 853 850 922 Congregationis
879 853 988 903 diei
1026 854 1091 905 19
1128 851 1276 921 Sept.
1311 852 1468 917 1710,
1495 851 1742 920 Congnis.
1772 851 2130 914 Particularis,
2155 849 2223 901 ad
2255 851 2322 901 34

415 945 470 992 et
496 942 598 992 35:
637 957 826 1008 nempe
854 942 938 992 34.
979 943 1013 970 ‘⁶
1029 939 1113 991 Ad
1139 937 1452 1007 Capitulum
1489 942 1734 989 teneatur
1767 939 1991 989 retinere
2026 936 2241 1000 librum,
2264 936 2321 987 in

414 1043 518 1094 quo
567 1026 819 1077 distincte
865 1026 1185 1077 adnotentur
1233 1041 1414 1076 omnes
1460 1024 1803 1076 resolutiones
1852 1022 2215 1091 Capitulares;
2268 1024 2321 1072 et

415 1112 601 1175 alium,
626 1112 684 1162 in
702 1129 806 1179 quo
826 1112 1076 1163 similiter
1093 1110 1682 1163 adnotentur'introitus
1700 1113 1757 1160 et
1780 1109 1954 1159 exitus
1970 1111 2324 1176 proventuum
2411 1135 2413 1138 ·

415 1198 620 1249 Massae
666 1197 984 1265 Capitularis
1003 1197 1028 1248 ⁴?
1044 1197 1072 1221 ’'
1147 1199 1233 1249 35.
1271 1201 1306 1228 “
1320 1196 1406 1248 An
1450 1195 1761 1264 Capitulum
1802 1198 2045 1246 teneatur
2083 1193 2323 1246 exhibere

414 1283 677 1351 Episcopo
702 1283 872 1334 dictos
896 1283 1054 1334 libros
1079 1283 1239 1334 toties
1263 1282 1472 1350 quoties
1496 1281 1581 1332 illi
1605 1280 1875 1331 videbitur
1884 1279 1914 1340 f?
1929 1279 1957 1302 '⁹
2022 1278 2074 1331 S.
2097 1277 2323 1348 Congre-
2415 1331 2421 1337 ,
2490 1315 2491 1318 =

415 1370 562 1438 gatio
603 1369 890 1436 respondit,
934 1369 1018 1420 ad.
1059 1369 1144 1420 34.
1194 1365 1575 1437 Affirmativ05
1627 1367 1696 1418 ad
1741 1368 1826 1418 35.
1877 1362 2218 1433 Affirmative
2259 1381 2323 1417 cx

415 1452 747 1507 rationabili
773 1470 959 1506 causa.

1311 1539 1377 1591 P.
1430 1538 1632 1591 CARD.
1686 1538 2047 1600 CATERINI,

1970 1623 2237 1679 Praefectus.

595 1721 658 1772 L.
684 1718 756 1791 ›1‹
784 1720 841 1775 S.
1391 1720 1456 1773 P.
1493 1722 1764 1773 ARcmEP.
1805 1720 2141 1785 SARDIANUS,
2176 1718 2319 1774 Scor.

1312 2095 1427 2157 VI.

647 2259 745 2309 DE
807 2257 1331 2312 PROMOVENDIS
1393 2261 1488 2312 AD
1552 2261 2080 2316 EPISCOPATUM.

1073 2394 1168 2443 (Aa
1191 2395 1400 2435 Decretum
1438 2395 1581 2444 VIII„
1611 2396 1667 2448 3.)

414 2527 451 2564 N
454 2526 621 2565 OTION
622 2526 684 2564 Es
706 2524 779 2564 Ac
804 2523 1178 2573 QUAESTIONES
1209 2523 1375 2565 CIRCA
1406 2524 1747 2574 QUALITATES
1777 2526 1930 2575 QUAE
1952 2526 2319 2567 NECESSARIAE·

468 2612 611 2650 SUNT
635 2611 696 2649 IN
719 2610 1113 2650 PROMOVENDIS
1135 2610 1213 2649 AD
1236 2610 1567 2651 EPISCOPALE
1589 2611 1786 2652 MUNUS
1808 2612 1879 2652 Ac
1900 2612 2263 2653 DIGNITATEM.

561 2730 611 2779 1.
659 2727 885 2791 Nomen,
911 2745 1219 2798 cognomen,
1243 2732 1405 2791 aetaS,
1429 2729 1603 2795 patria
1629 2727 1928 2780 Candidati.

558 2816 610 2864 2.
662 2812 821 2881 Cujus
845 2813 1111 2864 Dioecesis
1136 2813 1206 2864 sit
1230 2830 1292 2863 ac
1317 2813 1626 2864 Provinciae
1649 2812 2064 2864 Ecclesiasticae.

561 2901 610 2949 3.
661 2898 895 2949 Ubinam
920 2899 1110 2949 studiis
1134 2898 1446 2966 theologicis
1470 2899 1750 2962 vacaverit,
1774 2904 1831 2950 et
1854 2914 1959 2966 quo
1981 2899 2238 2965 profectu,

559 2987 610 3034 4.
660 2984 744 3035 An
769 2985 960 3052 gradus
985 2987 1253 3035 assecutus
1276 2983 1454 3047 fuerit,
1479 2988 1535 3034 et
1563 3000 1708 3051 quos,

561 3071 611 3119 5.
660 3069 742 3119 An
768 3069 1022 3136 professor
1044 3069 1302 3131 extiterit,
1324 3073 1382 3120 et
1404 3068 1556 3136 cujus
1581 3069 1868 3121 facultatiS.

561 3155 609 3206 6.
659 3154 743 3204 An
769 3158 824 3204 et
847 3154 940 3204 ubi
965 3153 1235 3204 missiones
1261 3171 1427 3205 sacras
1451 3155 1694 3218 obiverit,
1713 3160 1768 3205 et
1792 3171 1953 3222 quam
1977 3155 2037 3206 in
2061 3155 2136 3206 eis
2160 3171 2317 3222 expe-

416 3240 661 3290 rientiam
685 3239 993 3290 obtinuerit.

513 3380 515 3382 ,
560 3322 609 3374 7.
661 3322 801 3383 Quot
825 3323 1035 3391 linguas
1050 3322 1268 3385 calleat,
1291 3327 1348 3374 et
1371 3340 1516 3390 quas.

558 3411 609 3458 8.
661 3407 863 3467 Quibus
889 3406 1074 3457 officiis
1099 3408 1167 3458 sit
1193 3407 1499 3474 perfunctus
1525 3412 1580 3458 et
1604 3425 1707 3476 quo
1733 3426 1985 3461 successu.

559 3495 607 3544 9.
659 3492 831 3553 Quam
879 3493 1216 3559 prudentiam
1279 3491 1575 3544 exhibuerit
1624 3494 1681 3543 in
1744 3492 2210 3544 deliberationibus
2256 3496 2314 3544 et

414 3578 603 3645 agendi
628 3576 847 3626 ratione.
