2514 4504
1043 503 1291 547 APPEND.
1341 503 1427 546 111.
2058 485 2137 546 53

235 678 416 715 omnes
458 661 517 712 in
559 657 846 710 antedictis
883 654 1200 724 Apostolicis
1235 653 1457 704 Litteris
1500 669 1773 705 concessae
1818 653 2145 715 tribuuntur,

235 748 511 801 contrariis
538 746 940 814 quibuscunque
967 741 1190 792 minime
1216 740 1567 791 obstantibus.

342 833 467 884 Dat.
494 831 694 883 Romae
730 846 795 881 ex
836 828 966 880 Aed.
991 827 1096 878 dic.
1123 825 1178 878 S.
1217 823 1655 895 Congregationis
1690 824 1780 877 die
1816 828 1874 875 et
1908 840 2048 875 anno
2082 828 2148 875 ut

236 936 409 989 supra.

379 1003 561 1058 Gratis
587 1002 700 1055 sine
723 1000 836 1052 ulla
860 995 1078 1052 omnino
1103 997 1365 1050 solutione
1389 1013 1704 1066 quocunque
1730 996 1911 1049 titu10.

1317 1083 1404 1136 Al.
1442 1083 1730 1150 ΒΑΒΝΑΒὸ,
1763 1098 1803 1137 a
1836 1078 2072 1137 secretio.

379 1156 446 1216 L.
470 1158 524 1214 ›1‹
548 1157 607 1216 S.

1141 1497 1267 1562 ΙΙΙ.

599 1665 670 1723 01
675 1669 813 1724 RCA
863 1667 1226 1723 CAPITULA
1276 1666 1791 1722 CATHEDRALIA

313 1781 458 1839 PRO
507 1784 876 1839 ECGLESIIS
925 1783 1006 1836 IN
1054 1782 1335 1837 ANGLIA
1381 1784 1434 1836 N
1438 1782 1709 1836 OVITER
1758 1782 2082 1847 ERECTIS.

752 1930 876 1973 ΒΕΘ.
912 1930 958 1971 S.
995 1930 1157 1971 CONG.
1194 1930 1271 1971 DE
1305 1930 1460 1972 PROP.
1497 1931 1646 1972 FIDE.

385 2074 531 2138 Quae
596 2075 734 2127 circa
794 2075 1113 2127 erectionem
1181 2074 1551 2144 Capitulorum
1611 2076 2016 2142 cathedralium,
2089 2094 2155 2129 ex

242 2168 506 2215 conventu
555 2162 818 2230 superiore
867 2178 1005 2213 anno
1047 2162 1189 2213 inter
1231 2163 1521 2231 Episcopos
1561 2162 1788 2232 Angliae
1837 2163 2040 2227 habito,
2084 2164 2153 2215 ab

242 2249 679 2301 Eminentissimo
733 2266 795 2300 ac
844 2248 1299 2300 Reverendissimo
1342 2249 1572 2301 Domino
1615 2249 1667 2300 N
1669 2249 1838 2302 icolao
1877 2249 2154 2301 Wiseman

241 2335 642 2403 Archiepiscopo
677 2334 1228 2386 westmonasteriensi
1264 2335 1480 2386 fuerunt
1515 2335 1699 2399 relata,
1735 2336 1794 2387 in
1833 2334 1991 2387 Sacra
2018 2334 2154 2386 Con-

240 2422 545 2492 gregatione
581 2422 689 2473 diei
729 2422 760 2473 5
805 2421 1002 2489 Aprilis
1045 2422 1182 2472 1852
1220 2421 1490 2489 proposita
1517 2425 1675 2473 sunt:
1727 2438 1955 2490 cumque
1980 2422 2154 2472 mani-

242 2509 438 2559 festum
481 2508 694 2571 existat,
732 2507 800 2558 ob
838 2506 1092 2575 adjuncta
1117 2502 1474 2559 Ecclesiarum
1499 2510 1735 2559 recenter
1758 2507 2152 2571 institutarum,

240 2594 496 2646 nonnulla
520 2610 655 2662 quae
679 2594 738 2644 in
754 2593 875 2661 jure
900 2593 1152 2644 canonico
1175 2593 1243 2644 de
1264 2592 1511 2661 Capitulo
1537 2593 1803 2645 Ecclesiae
1824 2592 2152 2645 Cathedralis

242 2679 536 2731 constituta
570 2679 849 2742 habentur,
885 2675 1209 2730 exsecutioni
1249 2679 1436 2730 statim
1478 2679 1537 2737 in
1574 2679 1880 2729 memoratis
1918 2678 2152 2730 ecclesiis

242 2765 483 2816 mandari
500 2763 643 2815 haud
660 2780 809 2832 posse
826 2781 840 2825 ;
866 2764 912 2815 si
932 2762 1278 2815 sanctissimo
1297 2762 1528 2815 Domino
1546 2763 1807 2831 placuerit
1821 2763 2153 2815 Eminentis-

242 2851 366 2902 simi
403 2850 588 2902 Patres
629 2849 1038 2902 instructionem
1074 2849 1543 2901 transmittendam
1568 2851 1903 2912 censuerunt,
1925 2852 1992 2900 ut
2015 2849 2153 2901 ratio

243 2935 534 3001 traderetur
556 2952 618 2986 ea
641 2935 701 2986 in
724 2952 778 2987 re
803 2935 1054 2987 servanda
1079 2935 1244 2986 donec
1268 2934 1425 2985 aliter
1449 2933 1775 2986 decernatur.

387 3020 525 3073 Cum
548 3021 878 3073 canonicales
913 3021 1239 3089 praebendae
1264 3016 1457 3083 desint,
1480 3023 1537 3071 et
1565 3020 1807 3072 canonici
1843 3036 1999 3072 curae
2035 3022 2152 3073 ani-

243 3123 465 3171 marum,
507 3106 810 3175 juventutis
855 3106 1159 3170 instutioni‚
1207 3105 1433 3173 aliisque
1482 3104 1668 3158 officiis
1727 3123 1822 3175 pro
1881 3108 2153 3178 religionis

243 3193 398 3257 bon0,
423 3196 632 3245 attento
658 3192 824 3244 etiam
848 3192 1101 3244 mediocri
1132 3192 1462 3244 sacerdotum
1485 3208 1725 3258 numer0,
1749 3210 1842 3262 per
1866 3194 2152 3246 dioecesim

243 3295 428 3331 vacare
451 3279 680 3331 debeant
699 3296 714 3340 ;
750 3278 1123 3330 existimarunt
1147 3278 1576 3330 Eminentissimi
1595 3278 1781 3332 Patres
1805 3281 2151 3332 annuendum

243 3369 307 3430 ut
331 3365 495 3417 iidem
520 3364 587 3416 ab
612 3380 767 3415 onere
790 3364 1101 3415 residentiae
1137 3380 1295 3431 penes
1320 3362 1707 3429 Cathedralem,
1731 3369 1788 3417 et
1811 3382 1955 3417 sacra
1980 3366 2152 3418 officia

244 3436 571 3518 persolvendi
597 3449 914 3512 eximantur,
939 3449 1018 3500 ita
1054 3453 1236 3500 tamen
1265 3452 1330 3500 ut
1353 3449 1412 3500 in
1436 3450 1677 3518 proxima
1704 3450 1913 3520 Synodo
1939 3453 2152 3519 provin-

245 3535 370 3587 ciali
396 3535 646 3603 Episcopi
681 3538 866 3586 curent
902 3534 966 3585 de
990 3534 1259 3586 nonnullis
1284 3534 1467 3586 diebus
1491 3536 1848 3605 designandiS,
1874 3538 1931 3587 in
1958 3539 2150 3606 quibus

245 3622 485 3673 canonici
510 3622 726 3672 chorum
751 3621 895 3672 adire
938 3624 1101 3690 atque
1138 3619 1309 3671 officia
1352 3637 1593 3690 peragere
1638 3625 1935 3685 teneantur,
1980 3628 2151 3691 utque

244 3695 409 3758 etiam
451 3706 595 3775 apud
633 3705 959 3774 Episcopum
1000 3710 1401 3775 congregentur,
1433 3707 1743 3773 praesertim
1785 3725 1879 3775 pro
1919 3710 2150 3778 negotiis

246 3791 384 3844 circa
409 3807 561 3861 quae,
581 3808 645 3843 ex
669 3790 827 3843 sacris
845 3791 1149 3854 canonibuS,
1167 3789 1405 3859 Capituli
1431 3792 1696 3844 sententia
1714 3796 1795 3844 est
1811 3795 2146 3864 exquirenda.
