2514 4504
531 449 777 493 APPEND.
824 451 862 491 1.
948 448 1147 491 ENCYC.
1196 436 1456 499 ‘QUANTA
1498 431 1688 491 cum!
1942 433 2064 494 265

161 599 351 650 amoris
399 600 479 650 sui
530 599 755 650 vinculis
805 599 983 650 omnia
1032 598 1100 649 ad
1150 598 1381 666 seipsum
1431 598 1626 661 trahat,
1676 603 1843 666 utque
1892 615 2072 650 omnes

162 684 399 736 homines
436 684 766 735 sanctissimo
803 701 895 735 suo
933 700 1108 734 amore
1146 682 1467 734 inflammati
1506 684 1792 734 secundum
1820 682 1919 734 Cor
1944 683 2074 751 Ejus

162 770 436 822 ambulent
474 770 635 840 digne
677 770 789 821 Deo
815 787 906 837 per
931 770 1110 820 omnia
1143 769 1430 836 placenteS‚
1464 770 1520 820 in
1560 770 1706 820 omni
1747 770 1881 820 bono
1920 786 2074 836 opere

162 855 554 907 fructificantes.
645 854 780 906 Cum
842 860 1022 905 autem
1084 855 1196 905 sine
1258 854 1419 905 dubio
1480 854 1732 923 gratiores
1793 855 1902 905 sint
1964 854 2074 906 Deo

161 941 438 992 hominum
473 957 668 1008 preceS,
701 940 744 991 si
779 940 973 990 animis
1006 939 1074 990 ab
1107 939 1254 990 omni
1288 939 1406 990 labe
1439 940 1584 1006 puris
1619 940 1685 990 ad
1721 940 1898 1007 ipsum
1930 956 2076 990 acce-

163 1027 309 1087 dant,
335 1026 529 1076 idcirco
559 1026 806 1077 caelestes
839 1025 1106 1076 Ecclesiae
1138 1025 1408 1076 thesauros
1442 1025 1825 1092 dispensationi
1851 1026 2075 1076 Nostrae

164 1112 465 1164 commissos
510 1111 708 1162 Christi
747 1111 993 1162 fidelibus
1033 1110 1338 1179 Apostolica
1365 1110 1687 1162 liberalitate
1712 1127 1930 1161 reserare
1955 1126 2078 1162 cen-

164 1198 381 1260 suimUS‚
407 1201 471 1246 ut
494 1197 658 1247 iidem
685 1196 864 1247 fideles
889 1197 956 1247 ad
984 1213 1158 1247 veram
1191 1197 1448 1265 pietatem
1483 1196 1849 1248 vehementius
1875 1198 2075 1247 incensi

163 1300 223 1334 ac
247 1300 339 1351 per
365 1281 736 1333 Poenitentiae
773 1280 1174 1332 Sacramentum
1200 1299 1231 1333 a
1257 1285 1594 1350 peccatorum
1621 1282 1846 1333 maculis
1873 1282 2076 1350 expiati

163 1369 414 1419 fidentius
440 1385 557 1421 suas
582 1385 757 1436 preces
782 1368 850 1419 ad
888 1367 1063 1419 Deum
1101 1367 1398 1431 effundant,
1424 1369 1641 1437 ejusque
1666 1369 2077 1420 misericordiam

165 1459 221 1506 et
244 1455 472 1524 gratiam
499 1458 900 1522 consequantur.

307 1554 469 1604 Hisce
494 1554 662 1622 igitur
688 1554 908 1606 Litteris
933 1555 1253 1606 auctoritate
1283 1553 1474 1604 Nost-ra
1505 1554 1809 1622 Apostolica
1834 1554 2079 1606 omnibus

164 1645 220 1693 et
244 1640 467 1708 singulis
510 1640 785 1708 utriusque
828 1657 980 1691 sexus
1025 1640 1275 1691 catholici
1320 1640 1457 1692 orbis
1498 1640 1740 1692 fidelibus
1779 1641 2078 1692 Plenariam

166 1726 566 1795 Indulgent-iam
591 1725 659 1776 ad
685 1725 852 1776 instar
876 1725 912 1776 J
914 1725 1112 1777 ubilaei
1139 1726 1475 1777 concedimus
1500 1728 1644 1777 intra
1679 1727 1837 1777 unius
1864 1731 2079 1777 tantum

164 1812 357 1862 mensis
383 1811 617 1879 spatium
661 1827 828 1878 usque
871 1812 939 1862 ad
980 1814 1159 1862 totum
1203 1811 1446 1862 futurum
1490 1829 1690 1863 annum
1729 1813 1865 1864 1865
1894 1818 1949 1863 et
1973 1829 2079 1863 non

164 1897 319 1960 ultra,
365 1913 396 1947 a
435 1896 615 1960 Vobis,
641 1896 980 1948 Venerabiles
1022 1896 1251 1959 FratreS,
1295 1897 1519 1965 aliisque
1559 1897 1818 1966 legitimis
1846 1898 2079 1948 locorum

166 1981 455 2034 Ordinariis
499 1983 860 2047 statuendum,
898 1983 1082 2035 eodem
1126 2000 1330 2050 prorsus
1374 1983 1531 2034 modo
1570 1987 1626 2034 et
1665 1984 1847 2046 forma,
1874 2002 1977 2051 qua
2013 1984 2081 2035 ab

164 2064 323 2117 initio
356 2066 587 2133 supremi
626 2065 809 2117 Nostri
847 2065 1200 2117 Pontificatus
1236 2067 1585 2117 concessimus
1622 2082 1712 2133 per
1752 2066 2081 2133 Apostolicas

164 2150 379 2202 Nostras
404 2151 636 2202 Litteras
669 2151 727 2202 in
758 2151 926 2202 forma
966 2151 1145 2202 Brevis
1171 2151 1257 2201 die
1283 2153 1353 2200 20
1378 2150 1573 2201 mensis
1599 2151 1915 2202 Novembris
1942 2168 2080 2202 anno

169 2237 305 2287 1846
347 2236 515 2299 dataS,
565 2241 621 2287 et
669 2236 737 2288 ad
789 2237 1093 2288 universum
1143 2237 1496 2305 episcopalem
1547 2242 1777 2288 vestrum
1828 2237 2081 2289 Ordinem

164 2322 366 2385 missa8,
390 2338 613 2390 quarum
637 2322 860 2374 initium
886 2322 1134 2373 “Arcano
1159 2323 1387 2374 Divinae
1414 2324 1788 2375 Providentiae
1814 2323 2081 2387 consili0,’'

166 2413 220 2460 et
244 2425 368 2460 cum
394 2409 639 2461 omnibus
680 2410 880 2461 eisdem
925 2409 1292 2473 facultatibus,
1318 2396 1453 2478 quae
1492 2428 1583 2479 per
1623 2411 1764 2478 ipsas
1792 2410 2023 2461 Litteras
2049 2426 2080 2459 a

164 2494 331 2547 Nobis
370 2496 526 2546 datae
563 2495 794 2547 fuerunt.
870 2495 1129 2547 Volumus
1169 2499 1366 2559 tamen,
1393 2501 1456 2547 ut
1482 2514 1544 2547 ea
1579 2497 1760 2547 omnia
1794 2500 2080 2557 serventur,

164 2598 295 2649 quae
321 2581 379 2632 in
403 2582 829 2633 commemoratis
864 2582 1086 2634 Litteris
1124 2583 1447 2651 praescripta
1472 2587 1614 2646 sunt,
1641 2588 1696 2633 et
1722 2600 1783 2633 ea
1815 2583 2082 2649 excipian-

165 2671 268 2729 tur,
294 2684 429 2735 quae
454 2676 675 2735 excepta
701 2684 808 2719 esse
834 2667 1235 2719 declaravimus,
1307 2669 1483 2736 Atque
1509 2669 1565 2719 id
1593 2668 1950 2730 concedimus,
1974 2683 2077 2717 non

165 2752 496 2804 obstantibus
555 2752 612 2803 in
670 2754 993 2804 contrarium
1053 2754 1371 2805 facientibus
1430 2754 1866 2821 quibuscumque,
1916 2753 2079 2803 etiam

165 2837 378 2906 speciali
400 2842 456 2888 et
479 2838 760 2889 individua
785 2839 1057 2891 mentione
1083 2855 1143 2890 ac
1170 2839 1512 2906 derogatione
1539 2840 1731 2906 dignis.
1797 2837 1874 2888 Ut
1900 2843 2078 2888 autem

163 2924 334 2974 omnis
358 2922 628 2975 dubitatio
654 2928 709 2974 et
735 2924 1020 2976 difficultas
1050 2927 1375 2986 amoveatur,
1402 2924 1706 2974 earumdem
1746 2923 2073 2974 Litterarum

163 3008 429 3076 exemplar
453 3009 520 3059 ad
546 3008 652 3059 Vos
677 3010 893 3077 perferri
910 3009 1191 3078 jussimus·

306 3106 637 3175 “RogemuS,
674 3107 1009 3159 Venerabiles
1043 3108 1270 3171 Fratres,
1296 3108 1362 3159 de
1387 3108 1582 3159 intimo
1618 3107 1766 3159 corde
1790 3113 1847 3159 et
1872 3108 1937 3159 de
1964 3112 2079 3158 tota

163 3198 340 3245 mente
385 3194 799 3245 misericordiam
841 3194 958 3258 Dei,
985 3195 1113 3262 quia
1139 3198 1195 3245 et
1219 3195 1333 3261 ipse
1373 3194 1583 3244 addidit
1626 3195 1829 3245 dicens:
1874 3194 2083 3243 Miseri-

163 3279 394 3329 cordiam
447 3282 629 3329 autem
679 3296 855 3330 meam
907 3297 1014 3330 non
1063 3280 1364 3347 dispergam
1414 3280 1482 3330 ab
1531 3280 1623 3330 eis,
1723 3279 1975 3329 Petamus
2026 3283 2082 3328 et

163 3363 509 3430 accipiemus3
550 3367 607 3413 et
645 3364 689 3414 si
732 3364 1031 3431 accipiendi
1071 3381 1217 3415 mora
1264 3368 1319 3415 et
1359 3364 1582 3414 tarditas
1623 3364 1800 3426 fuerit,
1828 3364 2079 3430 quoniam

163 3448 391 3516 graviter
434 3446 766 3511 offendimUS,
813 3449 1103 3516 pulsemus,
1145 3450 1271 3517 quia
1320 3453 1375 3500 et
1425 3448 1662 3516 pulsanti
1707 3450 1988 3515 aperietur,
2034 3447 2078 3498 si

164 3533 319 3584 modo
367 3533 579 3600 pulsent
637 3535 835 3585 ostium
893 3551 1086 3602 preceS,
1137 3535 1372 3602 gemitus
1429 3539 1484 3584 et
1546 3534 1806 3601 lacrymae
1856 3539 2079 3594 nostrae,

164 3618 355 3685 quibus
398 3618 638 3670 insistere
677 3623 731 3669 et
771 3620 1040 3670 immorari
1081 3624 1306 3686 oportet,
1334 3623 1390 3669 et
1429 3619 1472 3668 si
1512 3619 1582 3669 sit
1621 3618 1888 3668 unanimis
1914 3619 2080 3668 oratio
