2514 4504
1064 444 1337 490 oronim.
2020 430 2142 492 245

398 593 468 645 3⁰.
507 597 542 625 “
557 594 660 645 Pro
686 593 1067 645 consuetudine
1086 594 1397 663 generaliter
1422 595 1480 646 in
1505 595 1701 665 Anglia
1720 595 1951 664 vigente,
1971 595 2164 647 solutio

253 677 461 727 nummi
511 674 673 744 (door
697 674 920 745 money)
954 676 1298 727 determinati
1313 676 1476 744 juxta
1512 678 1832 746 qualitatem
1869 677 1971 728 loci
2011 694 2165 729 occu-

252 760 433 829 pandi,
476 760 544 812 ab
585 761 652 812 iis
694 761 790 829 qui
833 760 1010 812 locum
1052 761 1383 831 assignatum
1418 778 1526 814 non
1563 762 1780 826 habent,
1816 762 2010 814 nolunt
2045 780 2165 814 vero

252 848 429 900 locum
454 848 697 912 liberum,
724 852 787 900 ut
811 848 984 911 aiunt,
1010 865 1281 916 occupare.

395 932 469 985 4⁶.
508 938 541 964 “
559 933 846 986 Conciones
888 933 956 984 ab
998 933 1177 1001 aliquo
1220 934 1508 1003 insigniore
1550 934 1696 986 verbi
1745 933 1846 986 Dei
1895 950 2167 1003 praecone,

251 1024 372 1089 post
407 1036 537 1087 quas
572 1019 869 1088 generatim
905 1035 999 1087 pro
1039 1018 1277 1082 ecclesia,
1314 1020 1397 1071 vel
1433 1037 1526 1088 pro
1559 1021 1740 1088 aliqua
1763 1021 1807 1089 ej
1816 1039 1875 1072 us
1899 1026 2047 1090 parte
2074 1038 2166 1073 seu

252 1106 619 1168 attributione,
644 1104 971 1174 colliguntur
1000 1103 1366 1155 assistentium
1399 1106 1778 1174 eleemosynae,
1802 1108 1895 1175 qui
1922 1123 2076 1175 saepe
2101 1123 2167 1158 ex

253 1190 373 1241 aliis
399 1190 895 1260 congregationibus
919 1194 1199 1241 occurrunt
1224 1191 1523 1259 stipemque
1548 1191 1843 1243 conferunt.

396 1275 470 1328 50.
508 1279 542 1306 “
560 1274 823 1327 Collectae
860 1291 996 1343 quae
1033 1274 1118 1325 vel
1149 1274 1213 1326 de
1238 1274 1395 1327 domo
1419 1275 1479 1326 in
1504 1276 1721 1328 domum
1747 1275 1890 1328 fiunt
1913 1294 2006 1345 per
2028 1276 2167 1328 viros

251 1361 320 1413 ad
343 1360 442 1411 hoc
467 1360 766 1428 deputatOS,
790 1363 887 1411 aut
910 1376 1003 1428 per
1027 1360 1305 1412 societates
1334 1364 1391 1412 et
1429 1360 1888 1414 confraternitates
1925 1362 2169 1432 legitime

251 1446 561 1506 institutas;
599 1445 683 1496 vel
718 1446 1006 1515 exiguntur
1036 1462 1129 1514 per
1162 1447 1399 1498 decurias
1432 1451 1529 1498 aut
1562 1447 1845 1512 centurias,
1869 1452 2030 1516 prout
2053 1448 2168 1499 fieri

252 1531 388 1583 solet
411 1547 444 1582 a
467 1529 725 1581 laudabili
764 1529 1030 1582 Societate
1066 1530 1474 1601 Propagationis
1511 1531 1668 1584 Fidei
1705 1537 2046 1601 nuncupata3
2084 1532 2169 1584 vel

253 1633 390 1685 quae
452 1631 484 1666 a
547 1615 847 1680 ditiorihm,
912 1616 1132 1669 statutis
1194 1617 1523 1685 temporibus
1579 1622 1677 1670 aut
1724 1619 1949 1688 singulis
1997 1619 2168 1682 annis,

254 1696 576 1752 solvuntur.’'

397 1783 557 1836 Porro
601 1783 659 1834 in
702 1798 945 1852 responso
990 1783 1175 1838 Sacrae
1221 1783 1656 1855 congregationis
1705 1785 1772 1838 de
1820 1785 2170 1856 Propaganda

254 1869 407 1933 Fide,
455 1885 487 1919 a
535 1867 758 1920 Summo
808 1868 1071 1920 Pontifice
1119 1871 1427 1939 approbate,
1476 1875 1533 1923 et
1581 1876 1699 1922 tum
1756 1871 1824 1922 ad
1882 1871 2170 1939 Episcopos

252 1954 494 2024 Angliae‚
554 1957 674 2005 tum
731 1954 800 2006 ad
858 1954 1159 2023 Superiores
1218 1957 1479 2010 Ordinum
1529 1957 1918 2026 Religiosorum
1968 1958 2061 2026 qui
2111 1958 2170 2008 in

253 2040 449 2109 Anglia
473 2039 746 2091 missiones
771 2038 971 2092 habent
994 2042 1317 2107 transmisso,
1343 2043 1668 2095 declaratum
1694 2044 1830 2095 fuit:

404 2124 471 2177 1⁰.
508 2125 869 2177 Missionarios
893 2126 1156 2195 regulares
1192 2144 1299 2180 non
1335 2145 1444 2180 esse
1469 2128 1730 2199 obligatos
1754 2129 1823 2180 ad
1847 2128 2169 2181 reddendam

253 2208 531 2279 Episcopis
569 2210 832 2263 rationem
868 2211 1127 2265 bonorum
1152 2230 1288 2282 quae
1323 2213 1392 2265 ad
1430 2214 1571 2283 ipsos
1608 2213 1868 2284 regulares
1903 2231 2010 2282 qua
2034 2214 2169 2266 tales

254 2297 543 2365 pertinent.

399 2383 472 2432 2⁰.
510 2381 799 2451 Episcopos
814 2383 907 2452 jus
942 2384 1133 2437 habere
1169 2388 1251 2449 ut,
1293 2386 1479 2438 eodem
1517 2385 1676 2438 modo
1712 2402 1818 2454 quo
1856 2401 1889 2437 a
1927 2384 2169 2454 parochis

254 2467 382 2519 cleri
430 2467 709 2519 saecularis
755 2469 1017 2521 rationem
1066 2472 1276 2539 exigere
1322 2473 1561 2538 possunt,
1611 2470 1691 2522 ita
1739 2486 1772 2521 a
1824 2470 2169 2522 missionariis

253 2551 511 2622 religiosis
557 2556 736 2620 petere
783 2557 981 2622 queant
1028 2554 1291 2606 rationem
1338 2554 1595 2606 bonorum
1654 2571 1791 2622 quae
1853 2555 1981 2608 data
2043 2558 2169 2607 sunt

255 2638 597 2692 missionibus
658 2643 756 2691 aut
817 2640 1161 2693 missionariis
1223 2640 1551 2711 regularibus
1598 2640 1808 2692 intuitu
1854 2640 2168 2692 missionum

255 2724 447 2793 quibus
471 2724 727 2793 adscripti
752 2728 895 2777 sunt.

398 2810 483 2862 Ad
519 2826 667 2862 casus
702 2810 891 2862 dubios
933 2810 1075 2878 quod
1117 2811 1336 2876 attinet,
1379 2810 1537 2864 Sacra
1580 2809 1932 2882 congregatio
1975 2812 2169 2864 statuit

256 2895 545 2965 Episcopos
569 2899 625 2946 et
649 2896 934 2963 superiores
957 2895 1219 2965 regulares
1251 2897 1520 2948 communi
1557 2912 1811 2947 consensu
1846 2913 1933 2947 eos
1972 2896 2168 2947 solvere

256 2983 475 3043 debere3
537 2999 704 3050 quum
761 2998 881 3033 vero
939 2982 1173 3033 diversae
1232 2981 1506 3050 opiniones
1563 2980 1834 3032 conciliari
1881 2986 2169 3050 nequeunt,

256 3068 663 3122 controversiam
689 3067 757 3118 ad
784 3066 1035 3118 Sanctam
1062 3066 1255 3118 Sedem
1280 3067 1606 3118 referendam
1632 3067 1779 3117 esse.¹

401 3156 452 3205 2.
491 3153 559 3204 In
584 3152 830 3203 omnibus
855 3152 1086 3203 ecclesiis
1107 3169 1240 3220 quae
1266 3169 1297 3202 a
1321 3152 1666 3203 missionariis
1687 3152 1797 3203 sive
1817 3151 2167 3202 saecularibus

257 3235 366 3287 sive
407 3234 732 3305 regularibus
775 3235 1158 3297 deserviuntur,
1202 3238 1327 3285 taxa
1370 3251 1506 3301 quae
1550 3234 1771 3284 solvitur
1820 3251 1911 3301 pro
1962 3234 2166 3284 sedium

257 3338 348 3372 seu
386 3320 620 3372 locorum
660 3320 1016 3389 assignatione
1054 3320 1212 3370 debet
1251 3321 1318 3370 ab
1359 3320 1622 3387 Episcopo
1658 3318 1966 3386 approbari3
2017 3323 2073 3369 et
2108 3319 2166 3369 in

256 3406 500 3459 omnibus
526 3406 644 3456 aliis
675 3406 905 3457 ecclesiis
943 3405 1172 3473 publicis
1213 3408 1338 3455 taxa
1377 3405 1534 3455 debet
1574 3421 1680 3455 esse
1721 3404 2000 3454 conformis
2041 3420 2165 3457 cum

256 3491 452 3561 regulis
498 3490 557 3541 in
605 3490 830 3542 dioecesi
880 3490 1115 3542 statutis.
1199 3489 1423 3556 Insuper
1470 3488 1539 3539 ad
1588 3487 1913 3555 Episcopum
1963 3490 2168 3555 spectat

345 3638 358 3662 ¹
384 3638 495 3681 Vide
513 3639 712 3681 Arrsxn.
736 3639 819 3680 XI.
842 3651 884 3693 p.
904 3641 1006 3689 312;
1038 3641 1082 3682 et
1100 3638 1302 3680 Aaernun.
1324 3638 1432 3679 XII.
1455 3651 1498 3692 p.
1521 3639 1614 3689 313,
1638 3637 1689 3679 de
1708 3637 1831 3679 bonis
1850 3637 2048 3692 Regular.
