2514 4504
455 395 535 453 66
1032 411 1192 453 cono.
1239 410 1408 453 PRov.
1457 408 1673 452 wEer.
1723 408 1761 450 1.

453 560 856 615 Sanctissimum
881 561 1281 614 Sacramentum
1307 563 1365 613 in
1389 563 1455 613 iis
1480 563 1663 614 haberi
1699 563 1898 630 possit3
1954 563 2034 614 ita
2066 567 2248 615 tamen
2283 567 2349 615 ut

445 645 649 712 judicio
691 648 856 715 ipsius
882 648 1131 715 Episcopi
1176 648 1400 699 oratoria
1443 648 1748 715 hujusmodi
1784 645 2021 716 publica
2059 648 2144 699 vel
2184 646 2352 717 quasi

445 730 681 800 publicet
711 733 1036 799 habeantur:
1090 734 1302 801 insuper
1335 750 1455 784 vero
1482 734 1724 800 quotidie
1749 734 1834 785 vel
1859 734 2048 785 saltem
2072 734 2130 784 in
2155 734 2352 786 hebdo-

451 819 607 870 mada
660 818 1058 870 Sacrosanctum
1102 818 1318 870 Missae*
1343 817 1673 870 Sacrificium
1722 820 1782 869 in
1829 819 2020 870 iisdem
2068 818 2349 871 offeratur:

452 900 667 951 demum
693 901 907 951 servatis
933 901 1195 952 servandis
1220 904 1380 968 atque
1405 900 1748 964 Antistitum,
1774 917 1871 952 nec
1893 916 2001 952 non
2025 901 2257 952 virorum
2279 900 2350 952 ad

450 1002 579 1053 quos
604 986 832 1054 capellae
855 987 1143 1053 pertinent,
1169 990 1382 1037 onerata
1407 986 1745 1038 conscientia.

596 1069 730 1121 Cum
754 1088 873 1121 vero
900 1069 1272 1122 Sanctissimus
1297 1070 1555 1122 Dominus
1580 1071 1773 1122 Noster
1797 1071 2352 1123 Eminentissimorum

451 1154 560 1206 PP.
588 1156 906 1206 sententiam
930 1157 989 1206 in
1013 1156 1256 1207 omnibus
1280 1155 1597 1223 probaverit,
1622 1156 2008 1224 facultatesque
2032 1161 2353 1226 opportunas

452 1242 519 1292 ad
546 1241 599 1292 S.
621 1241 768 1292 Sedis
785 1241 1179 1309 beneplacitum
1197 1241 1460 1306 tribuerit,
1479 1242 1607 1293 haec
1627 1242 1995 1311 significantur
2012 1241 2355 1294 Eminentiae

454 1326 606 1390 Suae,
649 1331 713 1377 ut
755 1329 946 1378 caeteri
996 1344 1204 1395 quoque
1249 1327 1476 1395 Angliae
1511 1327 1796 1379 Antistites
1838 1328 2045 1397 regulas
2088 1345 2151 1380 ea
2191 1328 2258 1381 de
2295 1344 2354 1381 re

454 1414 727 1464 servandas
752 1417 1043 1480 opportune
1068 1414 1372 1482 dignoscere
1397 1413 1626 1464 valeant.

595 1499 718 1550 Dat.
792 1497 993 1550 Romae
1040 1514 1106 1550 ex
1140 1497 1269 1550 Aed.
1319 1497 1375 1551 S.
1427 1497 1484 1550 C.
1534 1499 1599 1550 de
1657 1499 2004 1569 Propaganda
2060 1499 2214 1564 Fide,
2266 1497 2354 1551 die

457 1586 524 1636 14
548 1583 703 1648 Maii,
732 1582 886 1636 1853.

737 1725 786 1778 L
839 1724 892 1779 ’Β
927 1723 967 1781 S
1286 1652 1342 1708 J.
1366 1654 1466 1708 Ph.
1494 1655 1662 1708 CARI).
1689 1656 1995 1720 Fmsom‚
2018 1654 2210 1727 Praes.

1591 1799 1675 1852 Al.
1702 1798 1984 1867 BARNABb,
2008 1816 2046 1853 a
2067 1797 2282 1854 secretis

1324 1979 1491 2031 XIII.

775 2103 1143 2158 EXTENSIO
1193 2102 1565 2156 TEMPORIS
1614 2102 2032 2157 PASCHALIS.

455 2216 770 2271 Beatissime
796 2219 972 2283 Pater,

597 2312 822 2376 Attenta
868 2312 1138 2380 paucitate
1184 2309 1637 2363 Missionariorum
1683 2327 1777 2379 per
1817 2310 2086 2381 Angliam,
2128 2325 2356 2379 cumque

456 2398 697 2461 Hiberni,
722 2415 945 2466 quorum
970 2397 1143 2464 plures
1168 2398 1226 2448 in
1250 2397 1444 2466 Anglia
1469 2398 1691 2465 degunt,
1714 2398 2073 2448 extensionem
2102 2397 2356 2464 temporis

457 2482 524 2532 ad
561 2480 811 2532 Paschale
852 2483 1193 2547 praeceptum
1235 2479 1640 2546 adimplendum
1677 2479 2025 2542 obtinuerint,
2056 2478 2356 2546 Archiepis-

458 2583 617 2634 copus
641 2570 697 2616 et
721 2566 971 2632 Episcopi
997 2564 1221 2616 Concilii
1246 2565 1583 2631 provincialis
1619 2565 1846 2634 Angliae
1878 2568 2076 2632 petunt
2110 2581 2205 2632 pro
2238 2567 2356 2615 toto

458 2651 683 2718 Angliae
709 2651 1068 2700 extensionem
1092 2651 1344 2717 temporis
1370 2651 1637 2702 Paschalis
1661 2668 1695 2702 a
1727 2651 1857 2702 feria
1889 2650 1971 2701 IV
2003 2649 2251 2703 Cinerum
2285 2649 2356 2700 ad

458 2736 794 2787 Dominicam
819 2735 876 2784 in
901 2734 1051 2785 albis.

601 2820 685 2873 Ex
708 2820 980 2871 audientia
1005 2818 1338 2871 Sanctissimi
1360 2820 1542 2872 habita
1567 2821 1654 2872 die
1683 2823 1748 2872 13
1772 2821 1978 2885 Martii,
2004 2821 2161 2873 1853.

605 2906 978 2958 Sanctissimus
1035 2905 1293 2956 Dominus
1350 2906 1542 2957 Noster
1597 2908 1728 2958 Pius
1784 2907 1968 2958 divina
2023 2906 2356 2973 providentia

460 2993 570 3044 PP.
597 2991 697 3055 IX,
721 2991 975 3042 referente
999 2991 1330 3058 infras01ipt0
1370 2990 1555 3042 Sacrae
1589 2992 2021 3061 Congregationis
2057 2991 2123 3042 de
2160 2991 2356 3058 Propa-

461 3078 634 3148 ganda
681 3077 819 3127 Fide
878 3076 1168 3139 secretariO,
1218 3093 1281 3126 ex
1337 3079 1463 3128 voto
1513 3077 2069 3128 Eminentissimorum
2133 3075 2355 3127 Patrum

462 3163 695 3232 ejusdem
756 3178 926 3212 sacrae
988 3159 1437 3229 CongregationiS,
1503 3161 1730 3232 benigne
1801 3161 2013 3227 annuit,
2079 3161 2356 3213 contrariis

460 3248 874 3316 quibuscumque
897 3262 1005 3297 non
1029 3247 1375 3298 obstantibus·

604 3340 804 3390 Datum
830 3338 1047 3402 Romae,
1071 3354 1135 3388 ex
1159 3338 1391 3390 Aedibus
1429 3337 1482 3391 S.
1510 3336 1567 3391 G.
1597 3338 1664 3391 de
1692 3338 2042 3410 Propaganda
2075 3337 2227 3404 Fide,
2264 3338 2354 3392 dio

464 3426 532 3477 14
554 3423 709 3486 Maii,
738 3425 893 3475 1853.

603 3516 785 3570 Gratis
809 3516 923 3569 sine
945 3514 1056 3568 ulla
1080 3514 1296 3567 omnino
1321 3514 1582 3568 solutione
1607 3533 1916 3585 quocunque
1939 3516 2119 3570 titulo,

1572 3607 1656 3658 Al.
1682 3607 1962 3672 BARNABo,
1985 3623 2023 3659 a
2046 3605 2278 3663 secretis.

745 3679 807 3730 L.
845 3677 897 3729 ›1‹
933 3677 988 3730 S.
2331 3690 2333 3692 ’
