2514 4504
1099 540 1374 585 DECRETA.
2113 530 2141 588 1
2156 530 2185 587 1

286 690 517 742 locorum
561 690 653 742 ubi
697 692 935 742 existunt
975 690 1223 742 ecclesiae
1267 690 1406 740 inter
1445 707 1497 741 se
1537 691 1871 754 distantiam,
1911 698 2028 743 tum
2056 695 2195 760 quod

286 775 473 826 multis
522 776 579 826 in
629 776 852 839 casibus,
914 775 1252 827 ecclesiarum
1314 774 1447 837 locO,
1509 776 1847 826 missionibus
1909 778 2199 828 inserviant

285 861 511 912 oratoria
560 860 791 912 virorum
840 861 1094 912 laicorum
1144 860 1363 912 aedibus
1406 876 1626 923 annexa,
1676 878 1772 912 nec
1816 879 1920 913 non
1966 863 2094 912 alias
2133 863 2199 913 ob

286 962 465 997 causas
490 963 619 1014 quas
645 946 732 997 hic
759 962 1060 997 enumerare
1087 962 1534 1013 supervacaneum
1560 946 1787 997 videtur.
1872 949 2200 1014 Quapropter

287 1032 679 1100 Archiepiscopi
702 1036 759 1083 et
780 1031 1031 1100 Episcopi
1061 1031 1471 1099 supplicandum
1496 1038 1813 1084 censuerunt
1851 1033 2199 1085 sanctissimo

285 1116 514 1169 Domino
564 1116 773 1181 Nostr0,
822 1121 888 1168 ut
936 1117 1243 1186 dignaretur
1285 1118 1586 1181 concedere,
1632 1135 1693 1169 ac
1737 1120 1935 1169 sancire
1976 1119 2198 1169 formam

284 1203 559 1272 regiminis
585 1203 653 1254 ab
672 1203 801 1271 ipsis
826 1203 1170 1271 propositam,
1195 1219 1287 1270 per
1311 1219 1474 1270 quam
1499 1208 1555 1254 et
1580 1205 1916 1254 incommoda
1941 1205 2199 1255 recensita

285 1288 627 1351 evitarentur,
652 1292 707 1339 et
732 1287 1046 1356 parochialis
1083 1288 1358 1357 regiminis
1398 1288 1680 1340 methodus
1723 1289 1989 1357 paulatim
2035 1291 2200 1340 intro-

284 1372 577 1425 duceretur.
671 1371 872 1434 Quibus
908 1372 1101 1424 nostris
1149 1374 1390 1441 precibus
1445 1373 1820 1425 Sanctissimus
1869 1376 2084 1436 annuit3
2136 1379 2200 1425 ut

284 1464 472 1528 patent
496 1476 560 1512 ex
586 1460 793 1511 decreto
826 1476 859 1510 a
896 1458 950 1511 S.
990 1457 1046 1511 C.
1092 1459 1158 1510 de
1196 1459 1257 1509 P.
1304 1459 1367 1511 F.
1414 1460 1502 1510 die
1546 1462 1610 1510 21
1659 1460 1856 1527 Aprilis
1895 1461 2023 1511 anni
2066 1477 2198 1511 curr.

285 1545 508 1597 emisso:
547 1545 696 1614 cujus
735 1549 886 1596 tenor
928 1545 1063 1596 actis
1101 1545 1260 1614 hujus
1301 1544 1502 1613 Synodi
1526 1545 1807 1613 adjicietur
1833 1544 1920 1614 (²).

433 1633 478 1683 1.
532 1630 709 1699 Hujus
733 1630 905 1700 igitur
940 1632 1136 1700 vigore,
1162 1631 1327 1682 donec
1353 1647 1385 1681 a
1412 1631 1465 1682 S.
1494 1630 1629 1683 Sede
1654 1631 1809 1682 aliter
1842 1632 2198 1699 provideatur,

285 1716 342 1766 in
377 1716 600 1785 singulis
637 1717 981 1780 dioecesibuS,
1008 1717 1328 1768 auctoritate
1367 1717 1638 1785 Episcopi,
1664 1717 1730 1768 de
1768 1718 1989 1768 consilio
2014 1722 2197 1769 tamen

285 1800 542 1870 Capituli,
591 1802 840 1854 ecclesiae
900 1801 1188 1853 nonnullae
1250 1802 1558 1871 seligantur,
1619 1819 1754 1870 quae
1815 1803 1987 1870 magis
2039 1806 2199 1870 aptae

285 1887 549 1950 videntur,
573 1891 637 1938 ut
662 1887 731 1938 ad
755 1888 924 1939 instar
947 1887 1308 1955 paroeciarum
1333 1886 1513 1938 haberi
1538 1886 1761 1955 possint.

427 1974 478 2025 2.
529 1972 604 2024 Iis
640 1973 901 2024 ordinario
943 1972 1281 2041 praeficiatur
1325 1972 1562 2023 sacerdos
1599 1973 1695 2040 qui
1740 1972 1968 2024 titulum
2005 1973 2197 2024 habeat

283 2055 527 2110 Hectoris
568 2056 944 2122 missionarii,
970 2058 1064 2126 qui
1103 2056 1372 2108 Ecclesiae
1397 2061 1453 2108 et
1477 2058 1777 2108 animarum
1814 2075 1993 2109 curam
2030 2062 2197 2127 gerat,

283 2143 732 2210 quemadmodum
768 2143 960 2195 caeteri
998 2142 1233 2194 ecclesiis
1269 2143 1330 2194 in
1353 2141 1552 2210 Anglia
1588 2143 1913 2211 praepositi;
1952 2145 2042 2195 sed
2079 2161 2196 2212 per-

281 2232 554 2280 manenter
579 2229 863 2280 institutus
888 2228 1163 2280 habeatur.

425 2316 474 2366 3.
527 2314 838 2383 Episcopus,
875 2314 934 2365 in
970 2314 1279 2366 dioecesana
1316 2314 1546 2384 Synod0‚
1574 2314 1771 2384 seligat
1809 2315 2047 2383 quinque
2073 2333 2191 2384 pro-

280 2399 580 2452 batissimos
650 2400 992 2470 presbyterOS‚
1065 2401 1160 2469 qui
1220 2398 1671 2453 commissionem
1742 2399 2194 2468 investiyationis

280 2486 629 2550 constituant,
653 2490 815 2555 atque
848 2503 985 2538 unus
1010 2503 1075 2539 ex
1111 2486 1196 2538 his
1232 2485 1594 2538 commissioni
1620 2487 1724 2554 ipsi
1751 2504 1844 2555 per
1869 2488 2194 2556 Episcopum

280 2571 630 2640 praeficiatur.

422 2661 474 2710 4.
524 2657 720 2712 Rector
742 2657 1149 2712 missionarius
1186 2662 1557 2727 permanenter
1593 2658 1878 2709 institutus
1916 2658 2195 2711 definitive

280 2743 440 2812 dejici
463 2761 570 2796 non
594 2745 813 2813 poterit,
836 2745 941 2796 nisi
967 2745 1139 2797 tribus
1176 2744 1366 2796 saltem
1393 2762 1457 2796 ex
1493 2748 1788 2795 memorata
1825 2745 2194 2798 commissione

279 2829 348 2880 ad
372 2846 559 2882 causae
583 2847 803 2883 examen
827 2830 1101 2893 adhibitiS,
1126 2834 1290 2898 atque
1314 2846 1497 2881 eorum
1523 2829 1743 2880 consilio
1769 2834 2002 2898 accepto.

423 2915 502 2967 De
525 2917 683 2968 modo
719 2916 1034 2985 procedendi
1070 2915 1128 2967 in
1166 2915 1475 2984 hujusmodi
1514 2915 1926 2984 investigatione
1951 2917 2193 2983 provide-

280 3001 426 3053 bitur
472 3018 566 3069 per
613 3002 830 3070 aliquod
877 3006 1163 3064 statutum,
1212 3001 1356 3069 quod
1404 3001 1472 3052 ab
1513 3000 1791 3069 Episcopis
1840 3002 2111 3053 nonnullis
2136 3003 2192 3053 in

281 3085 492 3154 Synodo
516 3086 836 3154 deputandis
860 3087 1273 3156 praeparabitur,
1288 3104 1350 3139 ac
1376 3086 1431 3140 S.
1458 3086 1868 3158 congregationi
1893 3104 1987 3156 pro
2005 3104 2194 3157 appro-

280 3171 496 3224 batione
521 3171 868 3223 submittetur
893 3170 981 3242 (²).

424 3258 475 3309 5.
525 3256 608 3308 Ad
656 3257 1036 3326 praecavendas
1077 3258 1413 3326 quaestiones
1462 3275 1597 3327 quae
1641 3259 1910 3327 insurgere
1959 3264 2189 3326 possent,

279 3342 605 3394 declaramus
629 3343 788 3411 quod,
813 3360 919 3395 non
942 3343 1189 3395 obstante
1225 3344 1440 3396 rectoris
1478 3343 1797 3395 missionarii
1824 3344 2191 3412 deputatione,

278 3427 465 3479 licebit
488 3427 767 3496 Episcop0,
793 3428 860 3479 de
883 3428 1102 3480 consilio
1129 3426 1386 3496 Capituli,
1411 3429 1554 3480 intra
1577 3428 1779 3480 limites
1817 3429 2082 3481 missionis
2102 3432 2188 3481 cui

276 3514 637 3581 praeponitur,
673 3528 834 3565 novas
859 3513 1101 3564 ecclesias
1132 3513 1367 3577 condere,
1392 3529 1454 3564 ac
1478 3513 1777 3581 portionem
1803 3514 2074 3566 districtus
2100 3517 2191 3566 iis-

278 3598 399 3648 dem
419 3598 724 3662 attribuere,
744 3598 788 3649 si
803 3600 1085 3651 necessitas
1103 3603 1200 3651 aut
1223 3599 1436 3651 utilitas
1453 3599 1640 3668 populi
1666 3599 1839 3651 fidelis
1859 3600 1915 3650 id
1940 3601 2187 3667 requirat.

278 3683 603 3751 Hujusmodi
627 3687 811 3736 autem
835 3684 1038 3737 limites
1063 3687 1381 3754 quantocius
1407 3685 1661 3754 Episcopi
1688 3684 1898 3736 definiri
1924 3692 2126 3736 curent.

422 3835 479 3889 (1)
529 3837 626 3877 Vide
653 3836 862 3890 Append.,
886 3837 934 3877 n⁰
953 3837 1098 3887 VIII„
1118 3852 1159 3891 p.
1180 3840 1245 3879 59.

419 3903 479 3956 (2)
529 3904 625 3944 Vide
642 3904 835 3957 Append.
859 3906 906 3945 n⁰
925 3905 1020 3955 IX„
1043 3905 1116 3956 X„
1149 3920 1189 3959 p.
1211 3907 1276 3948 60.
1301 3908 1344 3948 et
1363 3919 1449 3960 seq.
