<?xml version="1.0" encoding="UTF-8"?>
<!DOCTYPE html PUBLIC "-//W3C//DTD XHTML 1.0 Transitional//EN"
    "http://www.w3.org/TR/xhtml1/DTD/xhtml1-transitional.dtd">
<html xmlns="http://www.w3.org/1999/xhtml" xml:lang="en" lang="en">
 <head>
  <title>
</title>
<meta http-equiv="Content-Type" content="text/html;charset=utf-8" />
  <meta name='ocr-system' content='tesseract 3.04.00' />
  <meta name='ocr-capabilities' content='ocr_page ocr_carea ocr_par ocr_line ocrx_word'/>
</head>
<body>
  <div class='ocr_page' id='page_1' title='image "a613743300cathuoft_0015.png"; bbox 0 0 2514 4504; ppageno 0'>
   <div class='ocr_carea' id='block_1_1' title="bbox 804 503 1436 548">
    <p class='ocr_par' dir='ltr' id='par_1_1' title="bbox 804 503 1436 548">
     <span class='ocr_line' id='line_1_1' title="bbox 804 503 1436 548; baseline -0.005 0"><span class='ocrx_word' id='word_1_1' title='bbox 804 503 1166 548; x_wconf 77' lang='lat' dir='ltr'>CONSPEOTUS</span> <span class='ocrx_word' id='word_1_2' title='bbox 1219 503 1436 546; x_wconf 56' lang='lat' dir='ltr'><strong>RERUM:</strong></span> 
     </span>
    </p>
   </div>
   <div class='ocr_carea' id='block_1_2' title="bbox 903 732 1331 796">
    <p class='ocr_par' dir='ltr' id='par_1_2' title="bbox 903 732 1331 796">
     <span class='ocr_line' id='line_1_2' title="bbox 903 732 1331 796; baseline -0.007 0"><span class='ocrx_word' id='word_1_3' title='bbox 903 734 1143 796; x_wconf 85' lang='lat' dir='ltr'><strong>CONC.</strong></span> <span class='ocrx_word' id='word_1_4' title='bbox 1210 732 1331 794; x_wconf 87' lang='lat' dir='ltr'><strong>III.</strong></span> 
     </span>
    </p>
   </div>
   <div class='ocr_carea' id='block_1_3' title="bbox 153 923 504 973">
    <p class='ocr_par' dir='ltr' id='par_1_3' title="bbox 153 923 504 973">
     <span class='ocr_line' id='line_1_3' title="bbox 153 923 504 973; baseline -0.006 0"><span class='ocrx_word' id='word_1_5' title='bbox 153 923 504 973; x_wconf 79' lang='lat' dir='ltr'><strong>APPROBATIO</strong></span> 
     </span>
    </p>
   </div>
   <div class='ocr_carea' id='block_1_4' title="bbox 154 1015 891 1093">
    <p class='ocr_par' dir='ltr' id='par_1_4' title="bbox 154 1015 891 1093">
     <span class='ocr_line' id='line_1_4' title="bbox 154 1015 891 1093; baseline 0 -1"><span class='ocrx_word' id='word_1_6' title='bbox 154 1040 488 1093; x_wconf 82' lang='lat' dir='ltr'><strong>DECRETA</strong></span> <span class='ocrx_word' id='word_1_7' title='bbox 528 1015 891 1093; x_wconf 71' lang='lat' dir='ltr'>CON&#39;CILn:</span> 
     </span>
    </p>
   </div>
   <div class='ocr_carea' id='block_1_5' title="bbox 240 1147 1361 2573">
    <p class='ocr_par' dir='ltr' id='par_1_5' title="bbox 318 1147 1122 1630">
     <span class='ocr_line' id='line_1_5' title="bbox 384 1147 1093 1217; baseline -0.003 -16"><span class='ocrx_word' id='word_1_8' title='bbox 384 1150 429 1201; x_wconf 92' lang='grc' dir='ltr'>Ι.</span> <span class='ocrx_word' id='word_1_9' title='bbox 469 1150 548 1201; x_wconf 91' lang='lat' dir='ltr'>De</span> <span class='ocrx_word' id='word_1_10' title='bbox 573 1150 855 1217; x_wconf 87' lang='lat' dir='ltr'>aperienda</span> <span class='ocrx_word' id='word_1_11' title='bbox 881 1147 1093 1217; x_wconf 86' lang='lat' dir='ltr'>Synodo</span> 
     </span>
     <span class='ocr_line' id='line_1_6' title="bbox 354 1235 1005 1287; baseline -0.002 -1"><span class='ocrx_word' id='word_1_12' title='bbox 354 1236 428 1287; x_wconf 93' lang='lat' dir='ltr'>II.</span> <span class='ocrx_word' id='word_1_13' title='bbox 468 1235 547 1287; x_wconf 89' lang='lat' dir='ltr'>De</span> <span class='ocrx_word' id='word_1_14' title='bbox 572 1235 831 1286; x_wconf 85' lang='lat' dir='ltr'>Methodo</span> <span class='ocrx_word' id='word_1_15' title='bbox 863 1236 1005 1285; x_wconf 79' lang='lat' dir='ltr'>vitae</span> 
     </span>
     <span class='ocr_line' id='line_1_7' title="bbox 318 1319 1115 1389; baseline -0.003 -17"><span class='ocrx_word' id='word_1_16' title='bbox 318 1322 426 1372; x_wconf 92' lang='grc' dir='ltr'>ΙΙΙ.</span> <span class='ocrx_word' id='word_1_17' title='bbox 466 1322 544 1372; x_wconf 91' lang='lat' dir='ltr'>De</span> <span class='ocrx_word' id='word_1_18' title='bbox 569 1338 676 1372; x_wconf 90' lang='lat' dir='ltr'>non</span> <span class='ocrx_word' id='word_1_19' title='bbox 702 1319 1115 1389; x_wconf 80' lang='lat' dir='ltr'>praejudicando</span> 
     </span>
     <span class='ocr_line' id='line_1_8' title="bbox 327 1406 1122 1474; baseline 0.001 -19"><span class='ocrx_word' id='word_1_20' title='bbox 327 1407 420 1457; x_wconf 95' lang='lat' dir='ltr'>IV.</span> <span class='ocrx_word' id='word_1_21' title='bbox 459 1407 540 1458; x_wconf 90' lang='lat' dir='ltr'>De</span> <span class='ocrx_word' id='word_1_22' title='bbox 568 1406 894 1458; x_wconf 85' lang='lat' dir='ltr'>Officialibus</span> <span class='ocrx_word' id='word_1_23' title='bbox 922 1406 1122 1474; x_wconf 83' lang='lat' dir='ltr'>Synodi</span> 
     </span>
     <span class='ocr_line' id='line_1_9' title="bbox 362 1492 912 1543; baseline 0.002 -2"><span class='ocrx_word' id='word_1_24' title='bbox 362 1493 426 1543; x_wconf 91' lang='lat' dir='ltr'>V.</span> <span class='ocrx_word' id='word_1_25' title='bbox 466 1492 543 1543; x_wconf 92' lang='lat' dir='ltr'>De</span> <span class='ocrx_word' id='word_1_26' title='bbox 570 1492 853 1543; x_wconf 84' lang='lat' dir='ltr'>Judicibus</span> <span class='ocrx_word' id='word_1_27' title='bbox 901 1531 912 1542; x_wconf 96' lang='lat'><strong>.</strong></span> 
     </span>
     <span class='ocr_line' id='line_1_10' title="bbox 327 1578 1015 1630; baseline 0.003 -4"><span class='ocrx_word' id='word_1_28' title='bbox 327 1578 421 1629; x_wconf 89' lang='lat' dir='ltr'>VI.</span> <span class='ocrx_word' id='word_1_29' title='bbox 461 1578 541 1629; x_wconf 89' lang='lat' dir='ltr'>De</span> <span class='ocrx_word' id='word_1_30' title='bbox 567 1596 671 1630; x_wconf 91' lang='lat' dir='ltr'>non</span> <span class='ocrx_word' id='word_1_31' title='bbox 698 1578 1015 1630; x_wconf 83' lang='lat' dir='ltr'>discedendo</span> 
     </span>
    </p>

    <p class='ocr_par' dir='ltr' id='par_1_6' title="bbox 298 1663 1078 1715">
     <span class='ocr_line' id='line_1_11' title="bbox 298 1663 1078 1715; baseline 0.001 -3"><span class='ocrx_word' id='word_1_32' title='bbox 298 1664 374 1713; x_wconf 93' lang='lat' dir='ltr'><strong>VI</strong></span> <span class='ocrx_word' id='word_1_33' title='bbox 382 1664 424 1714; x_wconf 91' lang='grc' dir='ltr'>Ι.</span> <span class='ocrx_word' id='word_1_34' title='bbox 465 1665 544 1715; x_wconf 92' lang='lat' dir='ltr'>De</span> <span class='ocrx_word' id='word_1_35' title='bbox 571 1664 896 1715; x_wconf 83' lang='lat' dir='ltr'>Professione</span> <span class='ocrx_word' id='word_1_36' title='bbox 923 1663 1078 1714; x_wconf 86' lang='lat' dir='ltr'>Fidei</span> 
     </span>
    </p>

    <p class='ocr_par' dir='ltr' id='par_1_7' title="bbox 263 1749 1346 2058">
     <span class='ocr_line' id='line_1_12' title="bbox 263 1749 877 1801; baseline 0.003 -4"><span class='ocrx_word' id='word_1_37' title='bbox 263 1749 421 1801; x_wconf 88' lang='lat' dir='ltr'><strong>VIII.</strong></span> <span class='ocrx_word' id='word_1_38' title='bbox 463 1750 541 1801; x_wconf 88' lang='lat' dir='ltr'>De</span> <span class='ocrx_word' id='word_1_39' title='bbox 567 1750 877 1801; x_wconf 82' lang='lat' dir='ltr'>Residentia</span> 
     </span>
     <span class='ocr_line' id='line_1_13' title="bbox 325 1833 1078 1886; baseline 0.001 -2"><span class='ocrx_word' id='word_1_40' title='bbox 325 1835 425 1886; x_wconf 92' lang='lat' dir='ltr'>IX.</span> <span class='ocrx_word' id='word_1_41' title='bbox 465 1835 543 1886; x_wconf 87' lang='lat' dir='ltr'>De</span> <span class='ocrx_word' id='word_1_42' title='bbox 570 1835 797 1886; x_wconf 83' lang='lat' dir='ltr'>secunda</span> <span class='ocrx_word' id='word_1_43' title='bbox 824 1833 1078 1886; x_wconf 84' lang='lat' dir='ltr'>Sessione.</span> 
     </span>
     <span class='ocr_line' id='line_1_14' title="bbox 357 1919 1346 1989; baseline 0.001 -19"><span class='ocrx_word' id='word_1_44' title='bbox 357 1921 426 1971; x_wconf 94' lang='lat' dir='ltr'>X.</span> <span class='ocrx_word' id='word_1_45' title='bbox 464 1921 776 1989; x_wconf 83' lang='lat' dir='ltr'>Prorogatio</span> <span class='ocrx_word' id='word_1_46' title='bbox 804 1919 1059 1971; x_wconf 84' lang='lat' dir='ltr'>Sessionis</span> <span class='ocrx_word' id='word_1_47' title='bbox 1086 1921 1346 1971; x_wconf 80' lang='lat' dir='ltr'>secundae</span> 
     </span>
     <span class='ocr_line' id='line_1_15' title="bbox 322 2006 1076 2058; baseline 0 -2"><span class='ocrx_word' id='word_1_48' title='bbox 322 2007 424 2058; x_wconf 93' lang='lat' dir='ltr'>XI.</span> <span class='ocrx_word' id='word_1_49' title='bbox 463 2007 544 2058; x_wconf 89' lang='lat' dir='ltr'>De</span> <span class='ocrx_word' id='word_1_50' title='bbox 571 2006 812 2058; x_wconf 87' lang='lat' dir='ltr'>Sessione</span> <span class='ocrx_word' id='word_1_51' title='bbox 838 2007 1000 2057; x_wconf 83' lang='lat' dir='ltr'>tertia</span> <span class='ocrx_word' id='word_1_52' title='bbox 1064 2045 1076 2056; x_wconf 91' lang='lat'><strong>.</strong></span> 
     </span>
    </p>

    <p class='ocr_par' dir='ltr' id='par_1_8' title="bbox 254 2091 1361 2331">
     <span class='ocr_line' id='line_1_16' title="bbox 288 2091 1361 2162; baseline 0.001 -21"><span class='ocrx_word' id='word_1_53' title='bbox 288 2092 422 2143; x_wconf 92' lang='lat' dir='ltr'><strong>XII.</strong></span> <span class='ocrx_word' id='word_1_54' title='bbox 461 2092 771 2162; x_wconf 85' lang='lat' dir='ltr'>Prorogatio</span> <span class='ocrx_word' id='word_1_55' title='bbox 798 2091 1052 2143; x_wconf 87' lang='lat' dir='ltr'>Sessionis</span> <span class='ocrx_word' id='word_1_56' title='bbox 1078 2092 1268 2143; x_wconf 87' lang='lat' dir='ltr'>tertiae</span> <span class='ocrx_word' id='word_1_57' title='bbox 1321 2130 1333 2142; x_wconf 90' lang='lat'><strong>.</strong></span> <span class='ocrx_word' id='word_1_58' title='bbox 1357 2153 1361 2157; x_wconf 18' lang='lat' dir='ltr'>y</span> 
     </span>
     <span class='ocr_line' id='line_1_17' title="bbox 254 2177 1240 2229; baseline 0.002 -3"><span class='ocrx_word' id='word_1_59' title='bbox 254 2177 419 2227; x_wconf 89' lang='lat' dir='ltr'><strong>XIII.</strong></span> <span class='ocrx_word' id='word_1_60' title='bbox 457 2177 537 2228; x_wconf 89' lang='lat' dir='ltr'>De</span> <span class='ocrx_word' id='word_1_61' title='bbox 563 2177 873 2229; x_wconf 85' lang='lat' dir='ltr'>Seminariis</span> <span class='ocrx_word' id='word_1_62' title='bbox 900 2178 1186 2228; x_wconf 79' lang='lat' dir='ltr'>condendis</span> <span class='ocrx_word' id='word_1_63' title='bbox 1230 2217 1240 2228; x_wconf 93' lang='lat'><strong>.</strong></span> 
     </span>
     <span class='ocr_line' id='line_1_18' title="bbox 272 2262 820 2331; baseline 0.004 -19"><span class='ocrx_word' id='word_1_64' title='bbox 272 2262 422 2313; x_wconf 89' lang='lat' dir='ltr'><strong>XIV.</strong></span> <span class='ocrx_word' id='word_1_65' title='bbox 462 2263 542 2314; x_wconf 92' lang='lat' dir='ltr'>De</span> <span class='ocrx_word' id='word_1_66' title='bbox 572 2262 820 2331; x_wconf 86' lang='lat' dir='ltr'>Collegiis</span> 
     </span>
    </p>

    <p class='ocr_par' dir='ltr' id='par_1_9' title="bbox 240 2302 1273 2573">
     <span class='ocr_line' id='line_1_19' title="bbox 307 2302 1238 2418; baseline 0.003 -21"><span class='ocrx_word' id='word_1_67' title='bbox 307 2348 426 2398; x_wconf 93' lang='lat' dir='ltr'>XV.</span> <span class='ocrx_word' id='word_1_68' title='bbox 465 2348 542 2399; x_wconf 92' lang='lat' dir='ltr'>De</span> <span class='ocrx_word' id='word_1_69' title='bbox 570 2348 927 2417; x_wconf 84' lang='lat' dir='ltr'>Collegiorum</span> <span class='ocrx_word' id='word_1_70' title='bbox 954 2302 1238 2418; x_wconf 83' lang='lat' dir='ltr'>Regimine</span> 
     </span>
     <span class='ocr_line' id='line_1_20' title="bbox 274 2434 1273 2503; baseline 0.004 -21"><span class='ocrx_word' id='word_1_71' title='bbox 274 2434 376 2483; x_wconf 90' lang='lat' dir='ltr'>XV</span> <span class='ocrx_word' id='word_1_72' title='bbox 379 2434 423 2483; x_wconf 94' lang='lat' dir='ltr'>I.</span> <span class='ocrx_word' id='word_1_73' title='bbox 462 2434 543 2484; x_wconf 92' lang='lat' dir='ltr'>De</span> <span class='ocrx_word' id='word_1_74' title='bbox 567 2434 920 2485; x_wconf 87' lang='lat' dir='ltr'>Missionariis</span> <span class='ocrx_word' id='word_1_75' title='bbox 944 2434 1273 2503; x_wconf 88' lang='lat' dir='ltr'>limitrophis</span> 
     </span>
     <span class='ocr_line' id='line_1_21' title="bbox 240 2520 1235 2573; baseline 0.004 -4"><span class='ocrx_word' id='word_1_76' title='bbox 240 2520 422 2571; x_wconf 87' lang='lat' dir='ltr'><strong>XVII.</strong></span> <span class='ocrx_word' id='word_1_77' title='bbox 460 2520 539 2572; x_wconf 89' lang='lat' dir='ltr'>De</span> <span class='ocrx_word' id='word_1_78' title='bbox 566 2520 937 2572; x_wconf 85' lang='lat' dir='ltr'>Cathedratico</span> <span class='ocrx_word' id='word_1_79' title='bbox 973 2521 1235 2573; x_wconf 84' lang='lat' dir='ltr'>solvendO.</span> 
     </span>
    </p>
   </div>
   <div class='ocr_carea' id='block_1_6' title="bbox 212 2604 1509 2676">
    <p class='ocr_par' dir='ltr' id='par_1_10' title="bbox 212 2604 1509 2676">
     <span class='ocr_line' id='line_1_22' title="bbox 212 2604 1509 2676; baseline 0.002 -21"><span class='ocrx_word' id='word_1_80' title='bbox 212 2606 423 2656; x_wconf 91' lang='lat' dir='ltr'><strong>XVIII.</strong></span> <span class='ocrx_word' id='word_1_81' title='bbox 464 2606 543 2657; x_wconf 89' lang='lat' dir='ltr'>De</span> <span class='ocrx_word' id='word_1_82' title='bbox 570 2604 954 2657; x_wconf 87' lang='lat' dir='ltr'>Commissione</span> <span class='ocrx_word' id='word_1_83' title='bbox 980 2606 1421 2676; x_wconf 82' lang='lat' dir='ltr'>Investigationis</span> <span class='ocrx_word' id='word_1_84' title='bbox 1460 2628 1462 2630; x_wconf 88' lang='lat'>·</span> <span class='ocrx_word' id='word_1_85' title='bbox 1499 2646 1509 2658; x_wconf 93' lang='lat'><strong>.</strong></span> 
     </span>
    </p>
   </div>
   <div class='ocr_carea' id='block_1_7' title="bbox 148 2691 1257 2969">
    <p class='ocr_par' dir='ltr' id='par_1_11' title="bbox 148 2691 1257 2969">
     <span class='ocr_line' id='line_1_23' title="bbox 260 2691 1257 2760; baseline 0.004 -20"><span class='ocrx_word' id='word_1_86' title='bbox 260 2691 417 2742; x_wconf 94' lang='lat' dir='ltr'><strong>XIX.</strong></span> <span class='ocrx_word' id='word_1_87' title='bbox 455 2691 534 2743; x_wconf 84' lang='lat' dir='ltr'>De</span> <span class='ocrx_word' id='word_1_88' title='bbox 559 2696 749 2760; x_wconf 85' lang='lat' dir='ltr'>quarta</span> <span class='ocrx_word' id='word_1_89' title='bbox 776 2691 988 2760; x_wconf 86' lang='lat' dir='ltr'>Synodo</span> <span class='ocrx_word' id='word_1_90' title='bbox 1015 2692 1257 2744; x_wconf 86' lang='lat' dir='ltr'>habenda</span> 
     </span>
     <span class='ocr_line' id='line_1_24' title="bbox 149 2804 999 2857; baseline 0.004 -3"><span class='ocrx_word' id='word_1_91' title='bbox 149 2804 452 2856; x_wconf 81' lang='lat' dir='ltr'>ELENCHUS</span> <span class='ocrx_word' id='word_1_92' title='bbox 501 2804 886 2857; x_wconf 80' lang='lat' dir='ltr'>DECRETORUM</span> <span class='ocrx_word' id='word_1_93' title='bbox 987 2844 999 2857; x_wconf 91' lang='lat'><strong>.</strong></span> 
     </span>
     <span class='ocr_line' id='line_1_25' title="bbox 148 2916 895 2969; baseline -0.001 0"><span class='ocrx_word' id='word_1_94' title='bbox 148 2916 616 2969; x_wconf 75' lang='lat' dir='ltr'>SUBSCRIP&#39;rmNEs</span> <span class='ocrx_word' id='word_1_95' title='bbox 654 2918 895 2969; x_wconf 80' lang='lat' dir='ltr'>PATRUM</span> 
     </span>
    </p>
   </div>
   <div class='ocr_carea' id='block_1_8' title="bbox 148 3076 1167 3255">
    <p class='ocr_par' dir='ltr' id='par_1_12' title="bbox 148 3076 1167 3255">
     <span class='ocr_line' id='line_1_26' title="bbox 148 3076 852 3131; baseline 0.003 -3"><span class='ocrx_word' id='word_1_96' title='bbox 148 3076 756 3131; x_wconf 78' lang='lat' dir='ltr'><strong>APPENDlx—PARS</strong></span> <span class='ocrx_word' id='word_1_97' title='bbox 807 3080 852 3130; x_wconf 98' lang='grc' dir='ltr'>Ι.</span> 
     </span>
     <span class='ocr_line' id='line_1_27' title="bbox 371 3185 1167 3255; baseline 0.001 -19"><span class='ocrx_word' id='word_1_98' title='bbox 371 3185 415 3237; x_wconf 93' lang='grc' dir='ltr'>Ι.</span> <span class='ocrx_word' id='word_1_99' title='bbox 455 3185 536 3237; x_wconf 89' lang='lat' dir='ltr'>De</span> <span class='ocrx_word' id='word_1_100' title='bbox 560 3186 823 3255; x_wconf 83' lang='lat' dir='ltr'>Episcopo</span> <span class='ocrx_word' id='word_1_101' title='bbox 851 3185 1167 3254; x_wconf 83' lang='lat' dir='ltr'>Coadjutore</span> 
     </span>
    </p>
   </div>
   <div class='ocr_carea' id='block_1_9' title="bbox 544 3447 951 3499">
    <p class='ocr_par' dir='ltr' id='par_1_13' title="bbox 544 3447 951 3499">
     <span class='ocr_line' id='line_1_28' title="bbox 544 3447 951 3499; baseline 0.002 -1"><span class='ocrx_word' id='word_1_102' title='bbox 544 3448 742 3499; x_wconf 80' lang='lat' dir='ltr'>tissimi</span> <span class='ocrx_word' id='word_1_103' title='bbox 770 3447 951 3499; x_wconf 86' lang='lat' dir='ltr'>Cordis</span> 
     </span>
    </p>
   </div>
   <div class='ocr_carea' id='block_1_10' title="bbox 314 3485 1885 3779">
    <p class='ocr_par' dir='ltr' id='par_1_14' title="bbox 314 3485 1885 3779">
     <span class='ocr_line' id='line_1_29' title="bbox 314 3485 1724 3601; baseline 0.001 -19"><span class='ocrx_word' id='word_1_104' title='bbox 314 3533 422 3583; x_wconf 94' lang='lat' dir='ltr'><strong>III.</strong></span> <span class='ocrx_word' id='word_1_105' title='bbox 462 3532 542 3584; x_wconf 90' lang='lat' dir='ltr'>De</span> <span class='ocrx_word' id='word_1_106' title='bbox 569 3532 833 3601; x_wconf 87' lang='lat' dir='ltr'>Suffragio</span> <span class='ocrx_word' id='word_1_107' title='bbox 857 3550 951 3600; x_wconf 78' lang='lat' dir='ltr'>plo</span> <span class='ocrx_word' id='word_1_108' title='bbox 979 3485 1350 3585; x_wconf 78' lang='lat' dir='ltr'>Sacerdotibus</span> <span class='ocrx_word' id='word_1_109' title='bbox 1376 3534 1642 3585; x_wconf 85' lang='lat' dir='ltr'>defunctis</span> <span class='ocrx_word' id='word_1_110' title='bbox 1714 3571 1724 3582; x_wconf 92' lang='lat'><strong>.</strong></span> 
     </span>
     <span class='ocr_line' id='line_1_30' title="bbox 324 3621 1525 3674; baseline 0.003 -4"><span class='ocrx_word' id='word_1_111' title='bbox 324 3622 418 3673; x_wconf 95' lang='lat' dir='ltr'>IV.</span> <span class='ocrx_word' id='word_1_112' title='bbox 458 3621 538 3672; x_wconf 88' lang='lat' dir='ltr'>De</span> <span class='ocrx_word' id='word_1_113' title='bbox 563 3639 663 3673; x_wconf 89' lang='lat' dir='ltr'>usu</span> <span class='ocrx_word' id='word_1_114' title='bbox 688 3622 885 3673; x_wconf 90' lang='lat' dir='ltr'>laridi</span> <span class='ocrx_word' id='word_1_115' title='bbox 870 3639 929 3672; x_wconf 89' lang='lat' dir='ltr'>m</span> <span class='ocrx_word' id='word_1_116' title='bbox 955 3623 1143 3674; x_wconf 90' lang='lat' dir='ltr'>diebus</span> <span class='ocrx_word' id='word_1_117' title='bbox 1168 3623 1525 3674; x_wconf 76' lang='lat' dir='ltr'>abstinentiae</span> 
     </span>
     <span class='ocr_line' id='line_1_31' title="bbox 355 3707 1885 3779; baseline 0.003 -24"><span class='ocrx_word' id='word_1_118' title='bbox 355 3707 420 3759; x_wconf 89' lang='lat' dir='ltr'>V.</span> <span class='ocrx_word' id='word_1_119' title='bbox 460 3707 813 3759; x_wconf 87' lang='lat' dir='ltr'>Monumenta</span> <span class='ocrx_word' id='word_1_120' title='bbox 839 3708 904 3758; x_wconf 91' lang='lat' dir='ltr'>de</span> <span class='ocrx_word' id='word_1_121' title='bbox 929 3708 1080 3759; x_wconf 85' lang='lat' dir='ltr'>cultu</span> <span class='ocrx_word' id='word_1_122' title='bbox 1106 3708 1406 3778; x_wconf 81' lang='lat' dir='ltr'>Martyrum</span> <span class='ocrx_word' id='word_1_123' title='bbox 1433 3709 1848 3779; x_wconf 83' lang='lat' dir='ltr'>Anglicanorum</span> <span class='ocrx_word' id='word_1_124' title='bbox 1874 3747 1885 3759; x_wconf 96' lang='lat'><strong>.</strong></span> 
     </span>
    </p>
   </div>
   <div class='ocr_carea' id='block_1_11' title="bbox 1992 486 2072 549">
    <p class='ocr_par' dir='ltr' id='par_1_15' title="bbox 1992 486 2072 549">
     <span class='ocr_line' id='line_1_32' title="bbox 1992 486 2072 549; baseline 0 -1"><span class='ocrx_word' id='word_1_125' title='bbox 1992 486 2072 549; x_wconf 84' lang='lat' dir='ltr'>ix.</span> 
     </span>
    </p>
   </div>
   <div class='ocr_carea' id='block_1_12' title="bbox 1888 857 2081 971">
    <p class='ocr_par' dir='ltr' id='par_1_16' title="bbox 1888 857 2081 971">
     <span class='ocr_line' id='line_1_33' title="bbox 1919 857 2081 884; baseline 0.012 -2"><span class='ocrx_word' id='word_1_126' title='bbox 1919 857 2081 884; x_wconf 72' lang='lat' dir='ltr'><strong>PAOINA</strong></span> 
     </span>
     <span class='ocr_line' id='line_1_34' title="bbox 1888 923 2075 971; baseline 0 -1"><span class='ocrx_word' id='word_1_127' title='bbox 1888 958 1897 970; x_wconf 92' lang='lat'><strong>.</strong></span> <span class='ocrx_word' id='word_1_128' title='bbox 1984 923 2075 971; x_wconf 85' lang='lat'>151</span> 
     </span>
    </p>
   </div>
   <div class='ocr_carea' id='block_1_13' title="bbox 1879 1151 2081 2745">
    <p class='ocr_par' dir='ltr' id='par_1_17' title="bbox 1879 1151 2081 2745">
     <span class='ocr_line' id='line_1_35' title="bbox 1888 1151 2081 1200; baseline 0 -1"><span class='ocrx_word' id='word_1_129' title='bbox 1888 1187 1898 1199; x_wconf 93' lang='lat'><strong>.</strong></span> <span class='ocrx_word' id='word_1_130' title='bbox 1980 1151 2081 1200; x_wconf 90' lang='grc'>153</span> 
     </span>
     <span class='ocr_line' id='line_1_36' title="bbox 1885 1237 2080 1286; baseline 0.005 -1"><span class='ocrx_word' id='word_1_131' title='bbox 1885 1273 1895 1285; x_wconf 97' lang='grc'>.</span> <span class='ocrx_word' id='word_1_132' title='bbox 1978 1237 2080 1286; x_wconf 89' lang='grc'>153</span> 
     </span>
     <span class='ocr_line' id='line_1_37' title="bbox 1885 1322 2079 1372; baseline 0.01 -2"><span class='ocrx_word' id='word_1_133' title='bbox 1885 1358 1896 1370; x_wconf 93' lang='grc'>.</span> <span class='ocrx_word' id='word_1_134' title='bbox 1978 1322 2079 1372; x_wconf 88' lang='grc'>153</span> 
     </span>
     <span class='ocr_line' id='line_1_38' title="bbox 1884 1408 2079 1457; baseline 0 -1"><span class='ocrx_word' id='word_1_135' title='bbox 1884 1444 1894 1456; x_wconf 92' lang='grc'>.</span> <span class='ocrx_word' id='word_1_136' title='bbox 1978 1408 2079 1457; x_wconf 90' lang='grc'>153</span> 
     </span>
     <span class='ocr_line' id='line_1_39' title="bbox 1885 1495 2078 1543; baseline 0.01 -2"><span class='ocrx_word' id='word_1_137' title='bbox 1885 1531 1895 1541; x_wconf 95' lang='grc'>.</span> <span class='ocrx_word' id='word_1_138' title='bbox 1976 1495 2078 1543; x_wconf 92' lang='grc'>153</span> 
     </span>
     <span class='ocr_line' id='line_1_40' title="bbox 1882 1581 2078 1630; baseline 0 -2"><span class='ocrx_word' id='word_1_139' title='bbox 1882 1618 1892 1628; x_wconf 92' lang='grc'>.</span> <span class='ocrx_word' id='word_1_140' title='bbox 1976 1581 2078 1630; x_wconf 88' lang='grc'>153</span> 
     </span>
     <span class='ocr_line' id='line_1_41' title="bbox 1885 1667 2078 1716; baseline 0.016 -3"><span class='ocrx_word' id='word_1_141' title='bbox 1885 1703 1895 1713; x_wconf 96' lang='grc'>.</span> <span class='ocrx_word' id='word_1_142' title='bbox 1977 1667 2078 1716; x_wconf 90' lang='grc'>153</span> 
     </span>
     <span class='ocr_line' id='line_1_42' title="bbox 1885 1752 2077 1802; baseline 0.01 -4"><span class='ocrx_word' id='word_1_143' title='bbox 1885 1788 1894 1798; x_wconf 91' lang='grc'>.</span> <span class='ocrx_word' id='word_1_144' title='bbox 1976 1752 2077 1802; x_wconf 88' lang='grc'>153</span> 
     </span>
     <span class='ocr_line' id='line_1_43' title="bbox 1884 1838 2077 1888; baseline 0.01 -2"><span class='ocrx_word' id='word_1_145' title='bbox 1884 1875 1895 1886; x_wconf 96' lang='grc'>.</span> <span class='ocrx_word' id='word_1_146' title='bbox 1976 1838 2077 1888; x_wconf 91' lang='grc'>153</span> 
     </span>
     <span class='ocr_line' id='line_1_44' title="bbox 1883 1926 2077 1973; baseline 0.01 -2"><span class='ocrx_word' id='word_1_147' title='bbox 1883 1960 1893 1971; x_wconf 93' lang='grc'>.</span> <span class='ocrx_word' id='word_1_148' title='bbox 1977 1926 2077 1973; x_wconf 87' lang='grc'>153</span> 
     </span>
     <span class='ocr_line' id='line_1_45' title="bbox 1884 2010 2077 2059; baseline 0.01 -2"><span class='ocrx_word' id='word_1_149' title='bbox 1884 2046 1894 2057; x_wconf 91' lang='grc'>.</span> <span class='ocrx_word' id='word_1_150' title='bbox 1977 2010 2077 2059; x_wconf 90' lang='grc'>153</span> 
     </span>
     <span class='ocr_line' id='line_1_46' title="bbox 1884 2097 2077 2144; baseline 0 0"><span class='ocrx_word' id='word_1_151' title='bbox 1884 2132 1895 2144; x_wconf 98' lang='grc'>.</span> <span class='ocrx_word' id='word_1_152' title='bbox 1978 2097 2077 2144; x_wconf 86' lang='grc'>153</span> 
     </span>
     <span class='ocr_line' id='line_1_47' title="bbox 1883 2183 2077 2230; baseline -0.005 0"><span class='ocrx_word' id='word_1_153' title='bbox 1883 2219 1893 2230; x_wconf 95' lang='grc'>.</span> <span class='ocrx_word' id='word_1_154' title='bbox 1976 2183 2077 2230; x_wconf 82' lang='grc'>154</span> 
     </span>
     <span class='ocr_line' id='line_1_48' title="bbox 1883 2266 2077 2315; baseline 0.021 -4"><span class='ocrx_word' id='word_1_155' title='bbox 1883 2303 1892 2311; x_wconf 91' lang='grc'>.</span> <span class='ocrx_word' id='word_1_156' title='bbox 1975 2266 2077 2315; x_wconf 90' lang='grc'>160</span> 
     </span>
     <span class='ocr_line' id='line_1_49' title="bbox 1881 2351 2076 2400; baseline 0.01 -2"><span class='ocrx_word' id='word_1_157' title='bbox 1881 2388 1891 2398; x_wconf 94' lang='grc'>.</span> <span class='ocrx_word' id='word_1_158' title='bbox 1975 2351 2076 2400; x_wconf 89' lang='grc'>170</span> 
     </span>
     <span class='ocr_line' id='line_1_50' title="bbox 1879 2435 2072 2486; baseline -0.005 0"><span class='ocrx_word' id='word_1_159' title='bbox 1879 2475 1889 2486; x_wconf 95' lang='grc'>.</span> <span class='ocrx_word' id='word_1_160' title='bbox 1973 2435 2072 2486; x_wconf 84' lang='grc'>172</span> 
     </span>
     <span class='ocr_line' id='line_1_51' title="bbox 1880 2522 2074 2573; baseline 0.01 -2"><span class='ocrx_word' id='word_1_161' title='bbox 1880 2560 1890 2571; x_wconf 94' lang='grc'>.</span> <span class='ocrx_word' id='word_1_162' title='bbox 1974 2522 2074 2573; x_wconf 84' lang='grc'>174</span> 
     </span>
     <span class='ocr_line' id='line_1_52' title="bbox 1880 2608 2072 2658; baseline 0.005 -1"><span class='ocrx_word' id='word_1_163' title='bbox 1880 2647 1890 2657; x_wconf 94' lang='grc'>.</span> <span class='ocrx_word' id='word_1_164' title='bbox 1972 2608 2072 2658; x_wconf 90' lang='grc'>176</span> 
     </span>
     <span class='ocr_line' id='line_1_53' title="bbox 1879 2694 2072 2745; baseline 0.016 -3"><span class='ocrx_word' id='word_1_165' title='bbox 1879 2731 1889 2742; x_wconf 92' lang='grc'>.</span> <span class='ocrx_word' id='word_1_166' title='bbox 1973 2694 2072 2745; x_wconf 91' lang='grc'>176</span> 
     </span>
    </p>
   </div>
   <div class='ocr_carea' id='block_1_14' title="bbox 1879 2806 2072 2969">
    <p class='ocr_par' dir='ltr' id='par_1_18' title="bbox 1879 2806 2072 2969">
     <span class='ocr_line' id='line_1_54' title="bbox 1879 2806 2072 2857; baseline 0 -1"><span class='ocrx_word' id='word_1_167' title='bbox 1879 2844 1889 2856; x_wconf 93' lang='grc'>.</span> <span class='ocrx_word' id='word_1_168' title='bbox 1973 2806 2072 2857; x_wconf 88' lang='grc'>176</span> 
     </span>
     <span class='ocr_line' id='line_1_55' title="bbox 1879 2919 2070 2969; baseline 0.005 -1"><span class='ocrx_word' id='word_1_169' title='bbox 1879 2956 1890 2968; x_wconf 95' lang='grc'>.</span> <span class='ocrx_word' id='word_1_170' title='bbox 1973 2919 2070 2969; x_wconf 90' lang='grc'>177</span> 
     </span>
    </p>
   </div>
   <div class='ocr_carea' id='block_1_15' title="bbox 345 3187 2071 3583">
    <p class='ocr_par' dir='ltr' id='par_1_19' title="bbox 1877 3187 2070 3239">
     <span class='ocr_line' id='line_1_56' title="bbox 1877 3187 2070 3239; baseline -0.005 0"><span class='ocrx_word' id='word_1_171' title='bbox 1877 3225 1889 3239; x_wconf 94' lang='grc'>.</span> <span class='ocrx_word' id='word_1_172' title='bbox 1971 3187 2070 3239; x_wconf 89' lang='grc'>179</span> 
     </span>
    </p>

    <p class='ocr_par' dir='ltr' id='par_1_20' title="bbox 345 3272 1891 3410">
     <span class='ocr_line' id='line_1_57' title="bbox 345 3272 1890 3325; baseline 0 -3"><span class='ocrx_word' id='word_1_173' title='bbox 345 3272 419 3323; x_wconf 94' lang='grc' dir='ltr'>ΙΙ.</span> <span class='ocrx_word' id='word_1_174' title='bbox 458 3272 536 3323; x_wconf 93' lang='lat' dir='ltr'>De</span> <span class='ocrx_word' id='word_1_175' title='bbox 585 3273 905 3324; x_wconf 71' lang='lat' dir='ltr'>alternative.</span> <span class='ocrx_word' id='word_1_176' title='bbox 956 3272 1382 3324; x_wconf 82' lang='lat' dir='ltr'>Canonicatuum</span> <span class='ocrx_word' id='word_1_177' title='bbox 1432 3273 1734 3325; x_wconf 82' lang='lat' dir='ltr'>collatione.</span> <span class='ocrx_word' id='word_1_178' title='bbox 1811 3273 1890 3323; x_wconf 90' lang='lat' dir='ltr'>De</span> 
     </span>
     <span class='ocr_line' id='line_1_58' title="bbox 544 3358 1891 3410; baseline 0 -1"><span class='ocrx_word' id='word_1_179' title='bbox 544 3359 680 3410; x_wconf 88' lang='lat' dir='ltr'>festo</span> <span class='ocrx_word' id='word_1_180' title='bbox 706 3358 761 3410; x_wconf 87' lang='lat' dir='ltr'><strong>S.</strong></span> <span class='ocrx_word' id='word_1_181' title='bbox 789 3358 1086 3410; x_wconf 87' lang='lat' dir='ltr'>Eleutherii</span> <span class='ocrx_word' id='word_1_182' title='bbox 1126 3358 1289 3410; x_wconf 85' lang='lat' dir='ltr'>Mart.</span> <span class='ocrx_word' id='word_1_183' title='bbox 1391 3358 1471 3409; x_wconf 92' lang='lat' dir='ltr'>De</span> <span class='ocrx_word' id='word_1_184' title='bbox 1522 3359 1657 3410; x_wconf 89' lang='lat' dir='ltr'>festo</span> <span class='ocrx_word' id='word_1_185' title='bbox 1708 3358 1891 3410; x_wconf 81' lang='lat' dir='ltr'>Sacra-</span> 
     </span>
    </p>

    <p class='ocr_par' dir='ltr' id='par_1_21' title="bbox 1877 3450 2071 3498">
     <span class='ocr_line' id='line_1_59' title="bbox 1877 3450 2071 3498; baseline 0 0"><span class='ocrx_word' id='word_1_186' title='bbox 1877 3487 1887 3498; x_wconf 92' lang='lat'><strong>.</strong></span> <span class='ocrx_word' id='word_1_187' title='bbox 1968 3450 2071 3498; x_wconf 90' lang='lat'>180</span> 
     </span>
    </p>

    <p class='ocr_par' dir='ltr' id='par_1_22' title="bbox 1876 3536 2064 3583">
     <span class='ocr_line' id='line_1_60' title="bbox 1876 3536 2064 3583; baseline -0.005 0"><span class='ocrx_word' id='word_1_188' title='bbox 1876 3572 1886 3583; x_wconf 89' lang='lat'><strong>.</strong></span> <span class='ocrx_word' id='word_1_189' title='bbox 1969 3536 2064 3583; x_wconf 87' lang='lat'>181</span> 
     </span>
    </p>
   </div>
   <div class='ocr_carea' id='block_1_16' title="bbox 1875 3624 2067 3673">
    <p class='ocr_par' dir='ltr' id='par_1_23' title="bbox 1875 3624 2067 3673">
     <span class='ocr_line' id='line_1_61' title="bbox 1875 3624 2067 3673; baseline 0 -1"><span class='ocrx_word' id='word_1_190' title='bbox 1875 3662 1885 3672; x_wconf 93' lang='lat'><strong>.</strong></span> <span class='ocrx_word' id='word_1_191' title='bbox 1967 3624 2067 3673; x_wconf 83' lang='lat'>182</span> 
     </span>
    </p>
   </div>
   <div class='ocr_carea' id='block_1_17' title="bbox 1966 3710 2068 3759">
    <p class='ocr_par' dir='ltr' id='par_1_24' title="bbox 1966 3710 2068 3759">
     <span class='ocr_line' id='line_1_62' title="bbox 1966 3710 2068 3759; baseline -0.02 0"><span class='ocrx_word' id='word_1_192' title='bbox 1966 3710 2068 3759; x_wconf 84' lang='lat'>184</span> 
     </span>
    </p>
   </div>
  </div>
 </body>
</html>
