2514 4504
767 464 843 506 DE
899 463 1100 506 'rlruto
1152 464 1580 508 ORDINATIONIS.
1995 451 2111 511 381

211 613 418 682 judicio
460 616 784 665 censeantur.
878 614 961 664 Ad
1004 615 1301 682 praefatum
1335 615 1538 666 accedit
1578 617 1771 668 titulus
1808 616 2046 668 Peneion
2062 618 2123 680 ie,

219 715 356 767 quae
374 716 480 750 non
506 699 663 750 modo
689 699 757 750 ad
783 715 1070 768 congruam
1111 699 1287 750 clerici
1332 700 1641 752 alimoniam
1686 702 1931 765 sufficere,
1957 704 2045 753 sed
2071 712 2123 754 et

219 792 474 853 perpetua
518 802 626 836 esse
667 785 840 836 debet.
932 785 1111 852 Atque
1150 785 1207 834 hi
1247 786 1351 836 duo
1392 787 1544 837 tituli
1584 789 1979 839 extraordinarii
2006 806 2126 839 cen-

220 871 366 921 sendi
393 875 517 921 sunt
541 888 602 922 ac
647 871 816 922 veluti
859 888 923 922 ex
966 871 1358 938 dispensatione
1401 872 1780 936 admittuntur,
1806 875 1848 924 si
1875 875 2124 924 nimirum

222 955 514 1024 Episcopus
555 974 648 1025 pro
692 956 957 1008 Ecclesiae
998 957 1311 1007 necessitate
1353 961 1448 1008 aut
1491 959 1766 1009 commodo
1791 959 2022 1026 aliquem
2049 961 2126 1009 ita

218 1041 571 1094 ordinandum
596 1060 706 1093 esse
721 1042 1062 1111 judicaverit.
1083 1043 1100 1074 1

363 1129 472 1182 ΙΙΙ.
523 1130 925 1182 Ecclesiasticus
942 1147 1060 1181 vero
1077 1130 1271 1181 titulus
1287 1130 1345 1180 in
1362 1127 1728 1197 beneficialem
1754 1132 2126 1194 subdividitur,

217 1230 278 1264 ac
295 1214 677 1285 paupertati-3,
703 1216 897 1284 quibus
940 1215 1077 1266 aliae
1120 1216 1382 1283 quaedam
1409 1216 1577 1267 veluti
1603 1216 1943 1268 subsidiariae
1969 1221 2127 1285 atque

219 1301 658 1353 extraordinariae
701 1301 900 1370 species
939 1301 1270 1370 adjiciendae
1315 1306 1458 1364 sunt,
1482 1301 1636 1352 tituli
1676 1319 1866 1370 nempe
1905 1300 1970 1352 M
1970 1318 2127 1353 eneae

221 1383 568 1451 Communia
587 1391 750 1456 atque
770 1385 1000 1439 Servitii
1019 1385 1307 1450 Ecclesiae,
1329 1386 1394 1437 M
1391 1385 1641 1451 issionis,
1660 1384 2053 1456 Sufficievztiae‚
2073 1391 2127 1438 et

221 1468 465 1538 Collegyii.
540 1472 639 1524 Est
664 1477 845 1525 autem
871 1474 1067 1525 titulus
1082 1472 1325 1525 beneficii
1343 1472 1434 1541 jus
1460 1477 1776 1541 perpetuum
1802 1473 2126 1541 percipiendi

218 1556 417 1609 fructus
455 1575 519 1610 ex
558 1559 710 1611 bonis
752 1560 1017 1612 Ecclesiae
1059 1564 1273 1628 propter
1306 1558 1538 1611 officium
1579 1560 1793 1628 aliquod
1837 1559 2127 1628 spirituale,

216 1642 568 1695 ecclesiastica
604 1647 922 1698 auctoritate
966 1646 1321 1697 constitutum
1344 1664 1358 1706 ς
1410 1649 1569 1713 atque
1613 1646 1700 1696 hic
1740 1646 2029 1697 ordinarius
2066 1662 2126 1695 ac

216 1731 528 1797 praecipuus
554 1731 750 1783 titulus
771 1749 942 1783 sacrae
969 1731 1332 1784 Ordinationis
1358 1732 1467 1782 dici
1493 1731 1690 1783 debet.2

361 1815 456 1867 IV.
505 1815 871 1887 Paupertatis
911 1834 1031 1869 vero
1074 1817 1268 1869 titulus
1306 1819 1364 1869 in
1403 1818 1646 1888 religiosa
1691 1817 2004 1885 professione
2046 1822 2126 1868 est

216 1902 437 1970 posituS,
456 1903 511 1953 vi
530 1903 680 1971 cujus
699 1904 794 1972 qui
814 1903 1068 1955 solemnia
1083 1901 1207 1954 vota
1223 1904 1280 1954 in
1295 1904 1515 1971 probata
1531 1903 1806 1971 Religione
1821 1904 2125 1967 emiserunt,

216 1986 301 2038 vel
327 2004 390 2038 ex
422 1988 681 2040 reditibus
718 1989 991 2052 bonorum,
1017 1990 1062 2039 si
1087 2005 1221 2056 quae
1245 1989 1471 2056 ipsamet
1499 1988 1710 2057 Religio
1734 1988 2016 2056 possideat,
2043 1988 2126 2038 vel

218 2090 281 2124 ex
299 2074 403 2142 piis
418 2074 660 2126 fidelium
675 2075 1049 2144 largitionibus
1067 2075 1246 2127 omnia
1266 2076 1568 2127 communia
1586 2075 1800 2138 habent,
1818 2092 2041 2143 quorum
2058 2076 2124 2127 ad

217 2159 388 2211 vitam
413 2160 659 2213 alendam
683 2163 948 2232 indigent.
1024 2161 1194 2223 Quem
1220 2179 1339 2213 vero
1363 2165 1555 2213 vocant
1574 2159 1890 2213 communis
1907 2177 2125 2211 mensae

217 2245 428 2309 titulus,
452 2264 538 2298 eos
563 2248 778 2299 clericos
803 2248 1048 2318 attingit,
1073 2249 1168 2316 qui
1194 2247 1582 2318 Religiosorum
1606 2264 1747 2298 more
1772 2248 1830 2297 in
1855 2247 2124 2297 communi

218 2331 361 2383 vitae
387 2332 670 2400 disciplina
694 2334 944 2403 degentes
963 2338 1059 2385 aut
1076 2333 1226 2385 nulla
1243 2336 1556 2401 nuncupant
1574 2336 1716 2395 vota,
1741 2336 1836 2383 aut
1861 2332 2124 2399 simplicia

218 2420 451 2481 tantum,
476 2419 799 2487 proindeque
825 2437 854 2472 e
879 2420 1037 2471 domo
1061 2419 1306 2489 religiosa
1332 2419 1472 2469 exire
1497 2422 1593 2468 aut
1619 2418 1847 2480 dimitti,
1872 2422 2032 2485 atque
2058 2419 2124 2468 ad

219 2502 488 2554 saeculum
530 2504 699 2556 redire
737 2506 1141 2574 permittuntur,
1233 2503 1418 2571 Neque
1461 2503 1605 2554 enim
1654 2503 1721 2553 ad
1770 2519 1855 2553 eos
1896 2503 2126 2570 pertinet

219 2589 413 2640 titulus
437 2592 787 2659 paupertatiS,
811 2595 876 2642 ut
901 2608 965 2643 ex
991 2590 1170 2643 Const.
1227 2589 1523 2642 Romanus
1548 2587 1836 2658 Pontifeaess
1865 2588 1918 2640 S.
1946 2589 2032 2639 Pii
2060 2589 2124 2640 V.

220 2674 518 2727 deducitur.
616 2677 812 2727 Verum
861 2694 925 2728 ex
968 2677 1111 2728 hisce
1156 2675 1370 2727 Clericis
1414 2676 1455 2725 ii
1501 2676 1784 2726 dumtaxat
1832 2676 2126 2726 communis

220 2776 429 2811 mensae
477 2761 642 2812 titulo
690 2763 982 2830 promoveri
1032 2763 1099 2813 ad
1151 2779 1316 2813 sacros
1366 2761 1573 2813 ordines
1621 2764 1857 2828 possunt,
1902 2777 2124 2827 quorum

223 2845 667 2915 Congregationes
692 2853 788 2900 aut
813 2849 1077 2900 Instituta
1101 2848 1355 2917 peculiari
1393 2848 1460 2899 ad
1486 2848 1542 2898 id
1568 2846 1847 2915 privilegio
1873 2846 1939 2897 ab
1965 2847 2127 2913 Apos-

224 2932 386 2984 tolica
413 2932 547 2984 Sede
572 2940 731 2986 aucta
756 2935 972 2987 fuerint.

366 3018 431 3070 V.
481 3020 695 3071 Titulus
712 3018 943 3072 Servitii
961 3019 1231 3073 Ecclesiae
1256 3021 1349 3088 qui
1368 3020 1497 3071 olim
1513 3019 1804 3070 ordinarius
1824 3023 1951 3080 erat,
1972 3025 2125 3086 prout

225 3125 380 3177 supra
404 3108 721 3159 adnotatum
747 3108 872 3171 fuit,
897 3111 953 3158 et
977 3112 1160 3176 postea
1185 3104 1352 3158 evasit
1390 3105 1846 3165 extraordinariuS,
1873 3103 1938 3153 iis
1964 3120 2129 3171 quan-

225 3198 396 3264 doque
421 3194 745 3258 conceditur,
770 3195 864 3262 qui
905 3212 1026 3245 cum
1070 3194 1335 3245 Beneficio
1377 3192 1728 3244 ecclesiastico
1772 3189 1855 3240 vel
1880 3190 2128 3256 pensione

226 3284 454 3344 careant,
479 3284 575 3330 aut
599 3280 996 3348 patrimonialia
1031 3280 1241 3347 aliaque
1280 3280 1416 3330 bona
1455 3294 1560 3329 non
1585 3276 1903 3344 possideant,
1930 3292 1988 3324 ea
2015 3275 2129 3341 lege

226 3368 552 3429 ordinantur,
577 3369 641 3416 ut
666 3366 828 3416 alicui
854 3364 1121 3417 Ecclesiae
1162 3367 1270 3416 sint
1309 3363 1619 3430 mancipati,
1646 3378 1709 3412 ex
1734 3360 1883 3427 cujus
1919 3360 2129 3408 servitio

226 3459 283 3508 et
305 3452 647 3520 eleemosynis
672 3469 704 3502 a
727 3452 832 3520 piis
859 3451 1301 3503 Christifidelibus
1329 3448 1643 3516 elargiendis
1670 3446 1985 3497 substentari
2012 3462 2130 3512 pos-

374 3585 391 3608 ²
419 3588 527 3627 Com.
550 3583 663 3625 Trid.
687 3586 755 3624 loc.
777 3585 845 3624 cit.
868 3585 912 3624 et
929 3585 1073 3623 Bened.
1095 3584 1219 3624 XIV.
1235 3582 1347 3623 Inst.
1370 3580 1485 3621 Eccl.
1509 3581 1574 3619 26.
1596 3592 1637 3617 n.
1665 3580 1700 3618 1.
1722 3582 1760 3616 et
1779 3577 1819 3617 3.

375 3653 394 3678 ¹
416 3654 595 3704 Famam,
615 3651 662 3691 in
682 3651 782 3703 Cap.
806 3653 844 3690 4.
868 3652 914 3690 de
933 3649 1145 3690 praebend.
1178 3647 1226 3690 η(
1244 3652 1309 3690 24.

375 3719 395 3743 ⁸
414 3720 525 3761 Prid.
547 3719 613 3759 Id.
641 3718 764 3758 Ootob.
791 3717 908 3756 1568.
