2514 4504
474 391 595 450 122
1042 407 1202 450 30113.
1249 406 1413 448 PRov.
1459 404 1681 447 wEer.
1727 406 1790 447 11.

463 560 624 623 atque
648 556 783 606 hanc
820 554 1044 624 gloriam
1077 558 1132 605 et
1167 554 1380 604 laudem
1418 551 1793 604 Sanctissimae
1830 550 1968 604 Suae
1991 550 2159 604 Matri
2183 551 2365 606 offerre

461 645 516 690 et
564 641 849 691 decernere.
951 638 1254 689 Certissima
1302 654 1421 688 vero
1470 653 1561 704 spe
1608 640 1664 687 et
1712 636 1860 686 omni
1913 652 2119 703 prorsus
2165 637 2366 689 fiducia

374 730 384 737 '
461 725 684 775 nitimur
726 725 849 787 fore,
874 726 939 774 ut
979 724 1095 790 ipsa
1137 722 1453 772 Beatissima
1495 721 1676 788 Virgo,
1719 737 1856 788 quae
1897 723 2014 771 tota
2051 721 2272 789 pulchra
2307 726 2364 773 et

462 809 816 859 Immaculata
852 824 1168 858 venenosum
1205 806 1554 856 crudelissimi
1592 805 1846 872 serpentis
1884 809 2048 873 caput
2090 806 2362 871 contrivit,

459 897 516 956 et
564 894 788 944 salutem
838 892 1027 943 attulit
1075 892 1297 953 mundo,
1358 907 1593 958 quaeque
1653 889 2057 957 Prophetarum,
2117 891 2363 959 Apostol-

460 995 712 1045 orumque
725 978 1079 1046 praeconium,
1096 982 1151 1027 et
1168 976 1331 1027 honor
1348 976 1666 1043 Martyrum,
1682 976 2027 1044 omniumque
2044 975 2360 1029 Sanctorum

459 1063 668 1114 laetitia
704 1067 760 1114 et
803 1079 1008 1125 corona,
1053 1078 1289 1129 quaeque
1332 1061 1664 1111 tutissimum
1704 1065 2017 1112 cunctorum
2055 1063 2361 1131 periclitan-

459 1149 599 1198 tium
641 1148 961 1215 perfugium,
1000 1150 1055 1196 et
1104 1145 1360 1195 fidissima
1403 1145 1727 1209 auxiliatrix,
1775 1162 1837 1196 ac
1886 1147 2054 1198 totius
2101 1151 2360 1201 terrarum

459 1233 596 1283 orbis
620 1232 991 1299 potentissima
1014 1231 1156 1297 apud
1180 1230 1522 1298 unigenitum
1559 1230 1762 1280 Filium
1799 1247 1955 1282 suum
1977 1233 2279 1297 mediatrix,
2303 1237 2360 1285 et

459 1317 804 1379 conciliatriX,
853 1332 914 1365 ac
962 1314 1435 1381 praeclarissimum
1484 1314 1752 1366 Ecclesiae
1812 1319 2024 1367 sanctae
2084 1317 2244 1369 decus
2302 1322 2359 1369 et

457 1405 843 1463 ornamentum,
866 1399 1328 1464 firmissimumque
1353 1399 1674 1465 praesidium
1697 1403 1915 1451 cunctas
1939 1417 2143 1469 semper
2165 1403 2359 1454 intere-

457 1488 560 1537 mit
598 1485 849 1548 haereseS,
892 1488 949 1535 et
989 1483 1168 1534 fideles
1210 1483 1451 1550 POPUJOS,
1493 1487 1780 1578 gentesque
1821 1502 1854 1536 a
1895 1487 2143 1539 maximis
2185 1489 2357 1540 omnis

456 1571 660 1640 generis
699 1568 1095 1620 calamitatibus
1137 1567 1351 1634 eripuit,
1376 1583 1437 1617 ac
1471 1567 1579 1618 Nos
1603 1568 1744 1635 ipsos
1787 1586 1820 1620 a
1857 1573 1943 1621 tot
1985 1571 2357 1641 ingruentibus

454 1656 700 1724 periculis
733 1655 1017 1714 liberavit3
1054 1653 1187 1703 velit
1211 1652 1536 1704 validissimo
1579 1670 1673 1704 suo
1713 1656 2007 1721 patrocinio
2050 1656 2268 1722 efficere,
2291 1661 2358 1710 ut

454 1745 636 1792 sancta
677 1740 853 1790 Mater
877 1737 1136 1789 catholica
1175 1737 1409 1788 Ecclesia
1451 1739 1658 1789 cunctis
1697 1742 1890 1791 amotis
1933 1741 2354 1808 difficultatibus,

453 1826 762 1893 cunctisque
786 1823 1080 1892 profligatis
1115 1822 1386 1885 erroribus,
1418 1823 1722 1891 ubicunque
1763 1826 2026 1894 gentium,
2051 1818 2355 1896 ubicunque

451 1912 685 1962 locorum
709 1909 948 1978 quotidie
989 1907 1160 1976 magis
1184 1907 1382 1976 vigeat,
1421 1905 1621 1972 floreat,
1647 1926 1708 1960 ac
1746 1915 1932 1980 regnet
1955 1927 1988 1962 a
2012 1914 2145 1963 mari
2186 1930 2365 1981 usque¹
2398 1927 2402 1932 ’

452 1997 520 2048 3(1
543 2013 688 2047 111313
711 1999 767 2046 et
791 2013 823 2046 a
847 1993 1069 2045 flumine
1087 2010 1254 2060 usque
1272 1993 1341 2043 ad
1365 1994 1618 2045 terminos
1642 1995 1780 2046 orbis
1804 1999 2077 2061 terrarum,
2103 1999 2355 2066 omnique

450 2099 598 2150 pace,
639 2080 1028 2149 tranquillitate
1068 2095 1129 2128 ac
1171 2078 1418 2129 libertate
1456 2079 1679 2143 fruatur,
1717 2083 1782 2130 ut
1819 2081 1896 2131 rei
1939 2082 2168 2146 veniam,
2208 2084 2354 2153 aegri

451 2167 732 2230 medelam,
755 2165 940 2234 pusilli
958 2165 1111 2215 corde
1134 2164 1305 2228 robur,
1325 2163 1513 2214 afflicti
1538 2165 1967 2232 consolationem,
1993 2167 2353 2234 periclitantes

449 2252 775 2321 adjutorium
791 2250 1085 2311 obtineant,
1110 2252 1166 2299 et
1183 2265 1363 2299 omnes
1382 2253 1628 2312 errantes,
1643 2250 1875 2301 discussa
1890 2252 2088 2302 mentis
2106 2251 2352 2322 caligine,

450 2338 518 2389 ad
558 2336 798 2389 veritatis
821 2352 883 2386 ac
912 2334 1161 2403 justitiae
1186 2333 1433 2385 semitam
1457 2334 1693 2398 redeant,
1717 2352 1779 2386 ac
1816 2335 1915 2387 fiat
1937 2353 2107 2388 unum
2131 2338 2271 2390 ovile
2294 2341 2352 2390 et

454 2439 587 2475 unus
618 2424 810 2490 pastor.

590 2507 830 2558 Audiant
843 2504 971 2556 haec
985 2504 1178 2556 Nostra
1191 2503 1348 2555 verba
1366 2521 1547 2555 omnes
1565 2504 1732 2557 Nobis
1751 2505 2044 2557 charissimi
2059 2506 2350 2561 catholicae

452 2593 716 2645 Ecclesiae
750 2590 870 2653 filii,
893 2594 949 2640 et
972 2589 1256 2640 ardentiori
1295 2606 1463 2656 usque
1486 2591 1722 2656 pietatis,
1758 2591 2047 2659 religionis,
2072 2595 2128 2642 et
2157 2594 2347 2645 amoris

452 2678 627 2730 studio
650 2678 875 2744 pergant
898 2674 1080 2737 colere,
1104 2674 1362 2736 invocare,
1387 2675 1612 2737 exorare,
1650 2674 2020 2726 Beatissimam
2056 2675 2158 2727 Dei
2182 2677 2348 2728 Geni-

454 2764 636 2814 tricem
658 2760 937 2829 Virginem
960 2758 1189 2809 Mariam
1215 2757 1327 2808 sine
1351 2758 1467 2810 labe
1490 2759 1736 2828 originali
1755 2763 2080 2827 conceptam,
2099 2765 2261 2828 atque
2278 2763 2348 2814 ad

454 2849 585 2899 hanc
608 2844 985 2896 Dulcissimam
1020 2842 1404 2893 misericordiae
1429 2846 1485 2893 et
1519 2844 1724 2911 gratiae
1759 2843 1992 2894 Matrem
2016 2843 2075 2894 in
2099 2846 2344 2898 omnibus

455 2929 716 3000 pericuIiS,
751 2926 1032 2995 angustiiS,
1063 2926 1479 2989 necessitatibUS,
1521 2927 1776 2994 rebusque
1809 2927 1986 2979 dubiis
2023 2945 2085 2980 ac
2122 2930 2346 2998 trepidis

452 3034 574 3069 cum
598 3014 745 3066 omni
778 3012 975 3063 fiducia
999 3011 1326 3080 confugiant.
1398 3010 1552 3062 Nihil
1586 3012 1730 3062 enim
1765 3012 2084 3078 timendum,
2106 3015 2346 3084 nihilque

451 3098 832 3167 desperandum
855 3097 970 3163 ipsa
1005 3096 1153 3158 duce,
1177 3095 1294 3162 ipsa
1329 3096 1559 3162 auspice,
1595 3096 1711 3162 ipsa
1746 3097 1995 3163 propitia,
2031 3097 2148 3165 ipsa
2171 3105 2346 3167 prote-

451 3184 628 3252 gente,
652 3195 786 3246 quae
821 3181 1122 3227 maternum
1159 3193 1282 3227 sane
1320 3178 1379 3226 in
1413 3193 1507 3227 nos
1532 3192 1713 3245 gerens
1755 3179 2015 3242 animum,
2039 3183 2344 3249 nostraeque

453 3266 639 3318 salutis
661 3263 878 3332 negotia
901 3264 1133 3312 tractans
1170 3261 1236 3311 de
1259 3261 1500 3312 universo
1524 3261 1757 3312 humano
1781 3279 1969 3330 genere
1993 3267 2075 3315 est
2099 3265 2344 3331 sollicita,

453 3355 508 3403 et
532 3349 664 3400 coeli
705 3351 975 3414 terraeque
1011 3346 1218 3415 Regina
1241 3363 1273 3395 a
1296 3345 1526 3397 Domino
1556 3347 1866 3408 constituta,
1891 3363 1952 3398 ac
1990 3365 2141 3415 super
2165 3366 2344 3404 omnes

452 3434 774 3503 Angelorum
799 3432 977 3483 choros
1004 3430 1418 3497 Sanctorumque
1438 3431 1642 3482 ordines
1659 3432 1891 3482 exaltata
1906 3435 2082 3483 astans
2097 3450 2129 3483 a
2147 3434 2344 3486 dextris

453 3516 737 3584 Unigeniti
773 3515 905 3564 Filii
942 3514 1024 3564 sui
1061 3514 1280 3564 Domini
1323 3514 1505 3564 Nostri
1550 3514 1585 3565 J
1586 3532 1678 3565 esu
1715 3514 1911 3566 Christi
1947 3517 2200 3567 maternis
2236 3520 2344 3570 suis

453 3601 692 3672 precibus
740 3599 1061 3650 validissime
1108 3599 1378 3666 impetrat,
1427 3602 1484 3650 et
1530 3600 1671 3666 quod
1731 3600 1938 3666 quaerit
1996 3600 2220 3665 invenit,
2280 3619 2343 3654 ac

452 3685 686 3738 frustrari
708 3701 815 3735 non
837 3686 1030 3751 potest.
