2514 4504
880 459 1036 503 ormo
1088 461 1389 505 scaurmn.
1952 450 2069 513 387

185 614 220 643 “
235 609 428 662 adesse.
503 608 813 661 Procurator
838 612 918 660 est
942 608 1306 659 admittendus
1340 607 1619 659 dumtaxat
1644 609 1710 659 ad
1737 613 1843 661 tres
1868 612 2078 662 schedas

187 699 219 727 “
235 695 528 759 tradendas,
553 695 885 747 continentes
909 695 1128 746 nomina
1152 698 1209 746 et
1232 695 1571 762 praenomina
1613 694 2054 764 deligendorum.''

185 780 300 850 (pp.
332 783 414 844 10,
438 782 527 845 45,
554 780 668 851 58.)

324 884 419 937 VI.
470 889 502 916 “
521 884 785 954 Suffragia
803 883 831 907 ”

436 971 488 1020 1⁰
536 975 570 1002 “
587 970 653 1021 In
678 969 887 1037 scriptis
911 968 1198 1032 dabuntur,
1221 969 1370 1021 nulla
1395 970 1715 1024 discussione
1740 972 2080 1040 praecedente

287 1057 396 1109 “in
420 1064 682 1109 conventu
707 1056 1037 1125 capitulari.''
1088 1056 1166 1124 (p.
1193 1058 1311 1124 45.)

430 1142 486 1194 2Ο
533 1148 566 1174 “
584 1143 674 1194 Ita
714 1141 962 1211 plicanda
986 1146 1128 1205 sunt,
1154 1145 1218 1192 ut
1257 1158 1361 1193 non
1381 1143 1486 1194 nisi
1510 1159 1702 1195 nomen
1722 1141 2082 1213 proponendi

288 1228 445 1298 “legi
469 1227 683 1297 possit.’'
732 1227 812 1296 (p.
838 1225 955 1296 45.)

431 1314 486 1364 3·
535 1319 568 1344 ‘⁶
584 1313 792 1365 Nomen
829 1310 1204 1382 proponentis
1247 1313 1468 1365 interius
1511 1314 1783 1378 scribatur,
1808 1319 1863 1366 et
1900 1313 2082 1366 suffra-

286 1402 486 1469 “gium
511 1402 583 1452 sit
606 1401 739 1452 bene
763 1400 1002 1451 clausum
1027 1399 1204 1468 sigillo
1229 1415 1337 1450 non
1361 1400 1535 1451 noto.'’
1586 1400 1663 1470 (p.
1690 1399 1806 1469 45.)

429 1485 486 1536 4Ο
537 1490 570 1517 “
587 1485 769 1554 Stylus
813 1485 1112 1552 scriptionis
1160 1486 1233 1536 sit
1280 1486 1512 1537 diversus
1561 1486 1629 1537 ab
1670 1502 1731 1537 eo
1769 1501 1873 1553 quo
1912 1486 2083 1537 utitur

285 1576 320 1603 “
335 1572 596 1624 ordinarie
619 1572 664 1623 is
688 1572 782 1639 qui
810 1570 1120 1639 suffragium
1144 1570 1297 1622 fert.''
1345 1569 1424 1640 (p.
1450 1570 1567 1641 45.)

320 1678 448 1730 VII.
499 1682 532 1710 “
553 1676 816 1746 Suffragia
915 1714 929 1727 .
1028 1717 1040 1728 .
1143 1714 1156 1727 .
1256 1713 1271 1729 .
1368 1694 1401 1729 a
1425 1678 1595 1729 tribus
1626 1678 2000 1731 scrutatoribus
2024 1680 2080 1730 in

178 1766 387 1816 “initio
406 1764 646 1816 sessionis
670 1762 853 1814 electis
878 1760 1257 1829 excipientur.''
1282 1761 1361 1830 (p.
1388 1763 1499 1831 45.)

427 1849 543 1919 Ego
565 1847 635 1900 N.
662 1846 956 1900 Canonicus
973 1846 1043 1899 N.
1069 1847 1315 1915 spondeO,
1333 1864 1495 1898 voveo
1520 1852 1575 1899 et
1591 1849 1714 1916 juro
1738 1865 1826 1900 me
1849 1848 2079 1901 officium

258 1944 260 1946 ’
283 1935 585 1999 scrutatoris
610 1933 839 1984 fideliter
864 1931 1198 1999 expleturum
1219 1950 1234 1995 3
1285 1934 1359 1984 sic
1384 1950 1470 1984 me
1495 1933 1655 1996 Deus,
1681 1939 1782 1985 etc.

318 2043 475 2094 VIII.
526 2042 766 2094 “Tribus
814 2041 1019 2093 vicibus
1069 2039 1320 2111 suffragia
1367 2041 1601 2092 ferantur
1656 2042 1794 2093 circa
1841 2058 2079 2109 personas

175 2135 208 2163 “
225 2130 450 2183 Sanctae
475 2128 600 2181 Sedi
625 2128 794 2180 veluti
827 2128 1092 2198 digniores
1116 2125 1607 2178 commendandaS.”
1656 2126 1735 2195 (p.
1763 2128 1876 2196 58.)

317 2240 419 2292 IX.
470 2244 504 2272 “
519 2239 589 2292 In
612 2239 783 2308 primo
809 2236 1078 2309 suffragiO,
1103 2236 1305 2307 singuli
1343 2237 1675 2290 adnotabunt
1718 2255 1908 2289 nomen
1933 2238 2078 2289 illius

105 2348 123 2362 ν
175 2332 208 2358 “
223 2343 469 2396 personae
483 2324 881 2388 ecclesiasticae,
895 2340 1059 2392 quam
1073 2323 1143 2375 ad
1161 2323 1337 2375 sedem
1352 2325 1629 2374 vacantem
1648 2324 1819 2392 magis
1836 2323 2078 2375 idoneam

173 2416 210 2445 “
216 2413 593 2483 judicaverint.
644 2410 722 2481 (p.
748 2409 864 2481 45.)
955 2409 1157 2479 “Quod
1200 2410 1244 2460 si
1286 2410 1344 2460 in
1387 2409 1557 2477 primo
1600 2410 1870 2473 scrutini0,
1902 2409 2078 2461 nullus

151 2483 153 2485 ³
174 2501 208 2529 “
224 2498 386 2549 fuerit
410 2501 675 2550 assecutus
699 2495 969 2564 majorem
992 2511 1319 2558 numerum,
1337 2496 1533 2546 iterum
1553 2494 1802 2565 suffragia
1827 2495 2076 2558 ferantur,

173 2587 208 2615 “
223 2600 388 2651 usque
413 2583 543 2635 dum
566 2599 704 2634 unus
730 2583 891 2633 fuerit
915 2581 1073 2632 illum
1098 2580 1416 2633 assecutuS.”
1471 2579 1544 2649 (p.
1570 2580 1680 2650 46.)

313 2697 383 2749 Χ.
436 2695 603 2748 “Hac
650 2697 854 2747 ratione
903 2695 1289 2763 procedendum
1349 2695 1468 2757 erit,
1528 2694 1597 2745 ad
1656 2694 2076 2763 designationem

173 2787 207 2814 “
223 2782 438 2834 alterius
462 2785 519 2833 et
542 2782 691 2832 tertii
717 2781 1007 2831 candidati.
1058 2780 1138 2848 (p.
1164 2781 1281 2847 46.)
1356 2784 1388 2809 “
1406 2769 1465 2830 Si
1489 2780 1547 2830 in
1591 2779 1767 2846 aliqua
1809 2796 1871 2829 ex
1908 2780 2075 2831 tribus

173 2867 441 2931 “vicibUS,
465 2867 524 2918 in
571 2868 802 2918 favorem
844 2866 1044 2917 nullius
1068 2866 1247 2917 adsint
1291 2863 1540 2933 suffragia
1581 2868 1664 2915 tot
1701 2881 1918 2916 numero
1942 2882 2075 2932 quae

173 2957 206 2983 ‘⁶
223 2953 479 3004 excedant
525 2952 779 3020 majorem
827 2955 1033 3020 partem
1084 2967 1292 3013 vocum,
1356 2954 1506 3001 actus
1570 2949 1771 3001 nullius
1819 2951 2073 3000 momenti

174 3041 207 3069 “
223 3038 435 3108 existat,
458 3041 621 3105 atque
644 3038 842 3088 iterum
868 3036 1116 3106 suffragia
1141 3034 1421 3086 ferantur.”
1471 3034 1549 3102 (p.
1576 3032 1691 3102 58.)

313 3148 413 3201 XI.
463 3153 498 3180 “
512 3148 594 3199 Ex
613 3148 1003 3216 comparatione
1022 3144 1406 3214 suffragiorum,
1423 3144 1616 3195 scietur
1631 3142 1675 3193 si
1700 3144 1818 3210 quis
1832 3142 2074 3193 habuerit

172 3241 206 3268 ‘⁰
221 3236 447 3288 totidem
472 3234 721 3303 suffragia
761 3233 862 3284 sibi
906 3231 1232 3292 favorabilia,
1256 3232 1388 3296 quot
1430 3228 1688 3279 excedunt
1732 3226 2072 3278 medietatem

173 3326 207 3354 “
222 3321 603 3391 suffragiorum,
630 3324 743 3369 tam
786 3317 1142 3386 praesentium
1187 3332 1348 3383 quam
1373 3314 1674 3366 absentium
1717 3329 1810 3380 per
1832 3328 2073 3379 procura-

171 3414 206 3443 “
220 3414 357 3462 tores
378 3412 871 3478 representatorum,
896 3422 1002 3456 non
1021 3422 1141 3456 vero
1161 3406 1460 3456 absentium
1479 3404 1674 3471 absque
1697 3401 2072 3471 procuratore.”

177 3494 251 3566 (p.
275 3493 390 3564 45.)

313 3607 446 3658 XII.
496 3605 841 3658 “Publicatis
889 3608 1010 3671 post
1058 3602 1337 3670 quodlibet
1385 3602 1700 3653 scrutinium
1748 3599 2071 3663 nominibus,

174 3697 207 3724 “
223 3692 595 3751 comburantur
619 3691 734 3766 ipsa
759 3684 1058 3758 suffragia.''
1111 3687 1188 3758 (p.
1215 3686 1331 3756 45.)
