2514 4504
922 462 1171 506 APPEND.
1217 462 1279 503 11.
1924 448 2043 507 201

141 615 346 678 Martii,
378 611 532 665 1777.
606 611 791 673 Quoad
810 626 931 662 vero
966 609 1348 660 abstinentiam
1375 624 1407 659 a
1432 607 1675 658 carnibus
1699 623 1791 674 per
1816 611 1920 657 tres
1946 608 2055 658 dies

141 700 504 770 Rogationum
546 702 671 750 ante
714 697 938 749 Festum
963 694 1296 747 Ascensionis
1338 693 1559 745 Domini
1601 698 1658 744 et
1703 693 1789 743 die
1816 692 1974 742 Festo
2002 693 2053 744 S.

141 791 310 843 Marci
336 788 728 858 Evangelistae‚
754 786 927 838 voluit
951 776 1006 837 S.
1035 783 1089 836 S.
1116 788 1181 835 ut
1204 784 1296 852 pia
1321 782 1448 834 haec
1484 787 1540 834 et
1565 782 1633 834 ab
1657 782 1894 849 antiquis
1921 787 2056 831 tem-

141 875 354 946 poribus
378 874 590 925 firmata
615 871 938 925 consuetudo
972 869 1230 921 inviolata
1270 870 1435 920 etiam
1461 870 1520 920 in
1559 873 1827 936 posterum
1853 884 2056 917 conser-

142 968 313 1027 vetur,
356 962 545 1013 ceteris
588 960 1013 1029 quibuscumque
1075 957 1133 1008 in
1180 956 1504 1008 contrarium
1547 972 1656 1008 non
1704 954 2054 1007 obstantibuS.

141 1048 266 1101 Dat.
293 1047 494 1099 Romae
519 1064 583 1098 ex
606 1045 739 1098 Aed.
765 1043 821 1098 S.
848 1042 906 1097 C.
932 1043 1021 1095 die
1046 1059 1185 1095 anno
1210 1042 1407 1113 quibus
1432 1057 1605 1110 supra.

214 1134 279 1186 L.
318 1131 480 1204 >ps

988 1199 1324 1256 STEPHANUS
1360 1200 1598 1264 Bonou,
1624 1197 1984 1254 Secretarius.

297 1365 664 1411 DISPENATIO
710 1363 1160 1409 ABSTINENTIAE
1207 1365 1475 1416 SABBATI,
1517 1366 1560 1408 S.
1591 1365 1783 1407 MARCI
1811 1366 1888 1406 ET

891 1433 1309 1476 ROGATIONUM.

288 1534 413 1575 mro.
450 1531 565 1575 sAo.
603 1532 765 1574 cone.
802 1531 880 1572 DE
914 1532 1073 1572 PROP.
1111 1532 1261 1584 FIDE,
1296 1532 1396 1571 Dm
1436 1521 1500 1572 17
1545 1519 1710 1583 ΜΑΠ,
1756 1521 1911 1570 1830.

288 1636 425 1690 Cum
436 1636 551 1688 RR.
572 1635 681 1688 ΡΡ.
702 1634 821 1687 DD.
838 1634 1040 1687 Vicarii
1055 1634 1366 1702 Apostolici.
1387 1633 1561 1704 Regni
1579 1634 1804 1703 Angliae
1820 1632 2060 1700 pluribus

144 1724 389 1776 adductis
414 1723 661 1794 gravibus
703 1721 999 1774 rationibus
1023 1720 1357 1773 vehementer
1399 1721 1655 1789 petierint
1696 1737 1790 1788 pro
1815 1720 2059 1770 universo

144 1811 238 1862 illo
281 1811 465 1880 Regno
509 1809 957 1877 dispensationem
989 1807 1058 1859 ab
1100 1806 1432 1858 observantia
1470 1806 1824 1858 abstinentiae
1853 1805 1921 1855 ab
1969 1822 2061 1855 esu

144 1894 382 1946 carnium
424 1893 511 1945 die
555 1891 788 1944 Sabbato
830 1891 886 1942 in
926 1907 1032 1959 quo
1067 1890 1267 1960 jejunii
1310 1895 1650 1960 praeceptum
1689 1906 1798 1942 non
1839 1889 2060 1958 obliget,

145 1979 381 2047 itemque
408 1977 951 2047 dispensationem-ab
974 1977 1161 2028 eadem
1185 1976 1540 2028 abstinentiae
1565 1975 1897 2027 observantia
1924 1991 2060 2042 quae

144 2066 202 2116 in
226 2068 517 2116 memorato
551 2063 737 2133 Regno
776 2063 927 2132 viget
950 2062 1039 2114 die
1083 2061 1137 2115 S.
1164 2062 1334 2113 Marci
1366 2062 1757 2132 Evangelistae‚
1796 2065 1853 2112 et
1877 2061 2061 2111 diebus

145 2150 542 2220 Rogationum3
596 2149 650 2201 S.
672 2148 1025 2218 Congregatio
1052 2148 1326 2200 Generalis
1365 2149 1433 2200 de
1457 2148 1682 2217 Propag.
1710 2147 1846 2198 Fide
1871 2146 2057 2197 habita

145 2235 231 2287 die
260 2234 323 2286 17
346 2235 499 2298 Maii,
525 2251 663 2286 anno
694 2237 851 2298 1830,
875 2234 1132 2285 referente
1158 2234 1311 2285 Emo,
1338 2250 1399 2285 ac
1420 2232 1574 2285 Rmo.
1601 2233 1737 2284 Dno.
1766 2232 2059 2283 Benedicto

146 2319 200 2373 S.
250 2320 405 2373 Rom.
457 2320 723 2371 Ecclesiae
775 2318 1045 2371 Cardinali
1096 2318 1372 2371 Barberini
1440 2320 1648 2370 censuit
1698 2336 1758 2370 ac
1809 2318 2060 2379 decrevit,

146 2404 568 2473 Supplicandum
618 2403 965 2456 Sanctissimo
1013 2403 1150 2455 Dn0.
1201 2403 1327 2456 Nro.
1363 2406 1589 2456 attentis
1638 2421 1702 2456 ac
1746 2404 2061 2456 durantibus

146 2490 561 2542 circumstantiis
586 2506 681 2558 pro
704 2489 879 2560 gratia
895 2490 1057 2558 juxta
1082 2491 1272 2558 petita.

290 2576 446 2627 Hanc
470 2579 653 2627 autem
679 2575 733 2628 S.
756 2574 1192 2646 Congregationis
1217 2578 1539 2629 sententiam
1568 2575 1914 2629 Sanctissimo
1940 2575 2059 2625 Dno

147 2666 323 2715 nostro
348 2662 453 2713 PIO
473 2660 584 2713 ΡΡ.
609 2660 768 2711 VIII.
811 2660 1035 2713 relatam
1075 2678 1168 2729 per
1206 2660 1271 2713 R.
1298 2662 1360 2713 P.
1383 2661 1448 2713 D.
1492 2660 1827 2713 Castrucium
1855 2660 2061 2712 Castra-
2152 2715 2160 2721 ,

147 2764 275 2799 cane
320 2746 374 2799 S.
402 2744 838 2815 congregationis
873 2746 1224 2798 Secretarium
1263 2748 1323 2798 in
1342 2748 1634 2798 Audientia
1675 2748 1763 2798 die
1808 2749 1882 2797 23
1905 2747 2060 2808 Maii,

147 2848 285 2884 anno
314 2835 478 2895 1830,.
505 2831 774 2883 Sanctitas
818 2830 926 2883 Sua
969 2832 1196 2902 benigne
1228 2833 1287 2883 in
1323 2833 1567 2884 omnibus
1592 2832 1836 2900 probavit
1864 2836 1920 2882 et
1945 2831 2059 2881 RR.

149 2916 258 2969 ΡΡ.
284 2917 399 2968 DD.
426 2917 650 2968 Vicariis
674 2917 994 2985 Apostolicis
1018 2918 1526 2969 communicandum
1544 2918 1727 2985 jussit.

290 3003 495 3055 Datum
510 3001 712 3055 Romae
729 3003 870 3071 apud
888 3002 942 3056 S.
965 3001 1130 3072 Cong.
1141 3004 1207 3054 de
1222 3003 1379 3071 Prop.
1392 3003 1526 3054 Fide
1542 3004 1629 3054 die
1646 3006 1713 3055 29
1731 3002 1888 3065 Maii,
1904 3005 1927 3052 1
1938 3005 2060 3052 830.

900 3115 967 3168 D.
987 3116 1067 3167 M.
1096 3108 1268 3167 CARD.
1294 3115 1626 3179 CAPELLARI,
1651 3114 1985 3185 Praefectus,

906 3200 964 3254 C.
993 3200 1373 3265 CASTRACANE,
1398 3199 1758 3253 SecretariuS.

762 3393 1069 3436 REDUCTIO
1117 3394 1448 3436 FESTORUM.

266 3503 391 3545 nno,
428 3503 542 3544 sAo.
579 3503 742 3543 coxo..
780 3503 857 3541 DE
903 3503 1061 3542 PROP.
1108 3503 1257 3554 rins,
1306 3503 1405 3541 Dm
1461 3491 1521 3542 17
1569 3490 1731 3553 MAII,
1786 3493 1939 3542 1830.

298 3601 434 3654 Cum
476 3602 535 3652 in
561 3600 717 3652 Sacra
743 3598 1162 3669 Congregatione
1190 3599 1435 3651 Generali
1462 3600 1527 3650 de
1554 3600 1899 3668 Propaganda
1926 3601 2060 3652 Fide

153 3684 337 3738 habita
360 3688 447 3739 die
476 3687 539 3739 17
566 3687 721 3750 Maii,
745 3688 900 3749 1830,
925 3701 1206 3753 perpensae
1226 3685 1423 3743 fuerint
1466 3701 1641 3751 preces
1668 3685 1782 3735 RR.
1812 3685 1919 3736 ΡΡ.
1940 3685 2056 3737 DD.

156 3770 484 3824 vicariorum
509 3772 930 3841 Apostolicorum
950 3770 1192 3839 Angliae,
1209 3769 1402 3837 quibus
1418 3769 1673 3837 petebant
1687 3770 2056 3821 nonnullorum
