2514 4504
404 427 491 488 44
984 443 1144 486 cono.
1187 441 1354 484 psov.
1399 438 1622 482 wns'rM.
1666 438 1704 479 1.

794 591 926 647 VII.
974 591 1055 644 De
1088 586 1440 645 Sessionibus
1472 581 1915 654 Capituhmdbus.

548 706 633 758 35.
683 704 944 757 Sessiones
993 704 1280 756 ordinariae
1328 700 1599 752 habendae
1647 702 1772 751 sunt
1817 700 1938 765 post
1985 696 2299 748 celebratam

403 790 623 841 Missam
656 790 798 841 feriis
832 790 950 857 jam
992 788 1276 849 indicatis3
1315 784 1750 837 extraordinariae
1785 782 1993 849 quoties
2028 781 2300 849 episcopus

404 892 490 927 eas
528 875 716 926 habere
753 873 996 936 voluerit,
1038 873 1122 924 vel
1160 872 1365 940 quoties
1411 868 1739 937 praepositus
1775 865 2075 933 capitulum
2113 880 2302 915 convo-

404 960 617 1011 caverit.
712 959 948 1028 Rogatus
995 975 1028 1009 a
1074 957 1176 1024 maj
1185 958 1261 1008 ori
1320 959 1472 1023 parte
1531 951 1916 1014 canonicorum,
1975 949 2302 1017 praepositus

405 1045 670 1113 obligatur
706 1044 775 1095 ad
810 1043 1202 1094 convocandum
1241 1039 1553 1107 capitulum,
1597 1036 1883 1087 dummodo
1923 1034 1994 1085 sit
2028 1034 2171 1084 facta
2203 1033 2302 1085 sub

405 1127 504 1179 hac
521 1129 688 1179 forma
704 1127 927 1194 petitio:
967 1130 1000 1156 ‘⁶
1014 1125 1123 1176 Nos
1148 1123 1428 1190 subscripti
1447 1122 1680 1190 petimus
1703 1124 1766 1170 ut
1790 1119 2090 1187 capitulum
2114 1134 2303 1169 convo—

406 1216 552 1264 cetur
598 1212 772 1265 die....
821 1227 1084 1262 mensem.
1129 1225 1373 1269 anno....‚
1415 1212 1472 1258 et
1512 1207 1723 1257 hora....
1769 1208 2027 1255 testantes
2067 1221 2162 1255 nos
2203 1203 2303 1254 hoc

406 1298 666 1364 requirere
688 1296 933 1365 gravibus
957 1296 1023 1347 de
1059 1295 1245 1357 causis,
1269 1297 1326 1344 et
1357 1293 1538 1343 horam
1567 1308 1675 1342 esse
1701 1290 2035 1342 commodam
2059 1289 2303 1340 omnibus

407 1380 832 1449 capitularibus?
927 1380 1177 1448 Episcopi
1218 1394 1338 1429 vero
1381 1393 1631 1438 assensuS‚
1672 1375 1976 1443 hujusmodi
2018 1373 2304 1425 conventui

408 1465 816 1517 extraordinario
857 1464 1114 1526 habend0,
1156 1466 1237 1513 est
1274 1460 1558 1512 necessario
1599 1459 1950 1511 obtinendus:
2006 1459 2101 1526 qui
2138 1459 2305 1510 etiam

408 1549 686 1618 praefiniet
707 1549 918 1616 quando
941 1548 1084 1615 apud
1108 1548 1285 1615 ipsum
1309 1547 1380 1597 sit
1404 1548 1690 1596 conventus
1714 1543 2000 1595 habendus.

554 1635 639 1686 36.
678 1633 762 1684 Ad
777 1633 1022 1684 sessiones
1037 1636 1150 1683 tam
1165 1631 1448 1683 ordinarias
1463 1646 1624 1698 quam
1639 1629 2070 1680 extraordinarias
2085 1627 2306 1680 vocandi

408 1721 534 1771 sunt
555 1718 794 1769 canonici
817 1734 910 1785 per
926 1717 1131 1767 litteras
1145 1717 1340 1767 tenoris
1359 1715 1641 1782 sequentis,
1666 1714 1774 1764 “R.
1794 1713 2037 1764 Domine.
2050 1752 2062 1764 .
2074 1753 2086 1765 .
2108 1712 2252 1765 hora.
2264 1752 2301 1766 ..

409 1804 562 1858 die...
613 1803 891 1854 habebitur
939 1802 1094 1854 sessio
1142 1801 1447 1868 capitularis
1493 1800 1554 1850 in
1601 1799 1723 1850 aula
1770 1798 2070 1866 capitulari,
2116 1798 2202 1849 vel
2246 1798 2307 1849 in

410 1888 631 1939 aedibus
655 1887 1098 1939 Reverendissimi
1116 1885 1334 1936 Domini
1353 1884 1622 1952 Episcopi.
1681 1883 1760 1935 De
1778 1883 2031 1934 mandato
2055 1883 2308 1951 Episcopi

410 1988 501 2023 seu
524 1971 839 2039 Praepositi,
870 1968 948 2040 [N
951 1968 1017 2039 .],
1042 1968 1406 2021 SecretariuS.’'

553 2054 639 2107 37.
689 2055 883 2122 Elapsa
923 2059 1111 2122 quarta
1152 2059 1304 2122 parte
1345 2053 1501 2106 horae
1538 2056 1661 2122 post
1700 2057 1914 2121 tempus
1961 2052 2308 2122 assignatum,

407 2140 735 2207 praepositus
757 2139 844 2190 vel
867 2139 1035 2190 senior
1059 2139 1339 2190 canonicus
1375 2156 1468 2206 per
1503 2139 1737 2190 sonitum
1773 2138 2119 2205 campanulae
2152 2153 2310 2188 cano—

406 2224 554 2275 nicos
584 2222 824 2274 monebit
865 2223 1144 2274 sessionem
1191 2239 1298 2274 esse
1346 2223 1683 2290 incoeptam:
1744 2226 1801 2273 et
1847 2238 2046 2286 omnes,
2088 2222 2309 2292 genibus

408 2307 574 2371 flexis,
591 2308 893 2359 recitabunt
916 2309 1206 2358 orationem
1227 2325 1241 2358 ε
1277 2305 1572 2359 Adeamus
1594 2305 1849 2359 Domine.

552 2395 638 2444 38.
688 2393 758 2444 In
802 2392 908 2444 fine
949 2392 1175 2460 capituli
1222 2393 1532 2444 recitabitur
1578 2392 1870 2460 antiphona
1909 2390 1974 2444 B.
2016 2391 2096 2443 M.
2138 2391 2206 2445 V.
2241 2392 2309 2444 de

409 2477 682 2545 Tempore.

555 2564 642 2613 39.
692 2561 842 2613 Tunc
878 2561 1133 2613 sedebunt
1172 2577 1352 2613 omnes
1383 2561 1544 2630 juxta
1583 2560 1820 2612 ordinem
1845 2560 1928 2612 sui
1952 2560 2308 2626 canonicatuS,

413 2645 619 2696 scilicet
643 2662 749 2697 suae
784 2646 1137 2712 possessioniS‚
1174 2647 1476 2714 incipiendo
1517 2662 1552 2696 a
1579 2645 1791 2714 juniore
1833 2646 2090 2713 capituli3
2129 2662 2309 2698 omnes

410 2731 506 2796 qui
546 2728 696 2796 loqui
737 2729 1000 2781 voluerint
1041 2732 1359 2782 sententiam
1406 2748 1557 2783 suam
1604 2733 1861 2799 aperiant,
1905 2748 2058 2799 super
2093 2732 2309 2799 negotio

413 2812 749 2879 proponendo
773 2829 806 2863 a
829 2812 1150 2881 Praeposit0‚
1166 2814 1250 2864 vel
1265 2815 1331 2865 ab
1354 2814 1459 2865 alio
1483 2815 1734 2865 canonico
1751 2815 1819 2865 ab
1836 2815 1951 2881 ipso
1974 2815 2228 2878 indicam,
2252 2819 2310 2866 et

413 2898 458 2947 si
489 2896 604 2947 fieri
627 2900 805 2964 potest
827 2913 920 2964 per
941 2913 1066 2947 eum
1090 2898 1184 2965 qui
1225 2899 1502 2967 negotium
1541 2901 1687 2950 idem
1724 2901 2154 2967 pertractandum
2191 2917 2311 2967 pro-

412 2980 661 3047 posuerit.
734 2981 1025 3048 Postquam
1050 2982 1210 3032 semel
1245 2984 1364 3049 quis
1403 2983 1740 3050 explicaverit
1783 3000 1918 3050 quae
1960 2985 2183 3035 dicenda
2206 2985 2310 3036 sibi

412 3063 677 3126 videntur,
700 3066 893 3127 taceat,
915 3068 972 3114 et
994 3069 1218 3131 nequeat
1235 3066 1462 3133 amplius
1479 3067 1625 3133 loqui
1639 3068 1743 3117 nisi
1762 3068 1828 3118 de
1842 3084 2053 3119 assensu
2067 3069 2308 3135 capituli.

413 3146 651 3197 Tandem
664 3147 826 3215 juxta
848 3149 1286 3200 constitutionem
1312 3152 1379 3202 36
1416 3151 1700 3202 Alexandri
1723 3152 1851 3214 VII,
1894 3152 2090 3220 singuli
2115 3156 2310 3204 secreto

413 3232 512 3283 sub
535 3248 703 3300 poena
725 3234 990 3284 nullitatis
1013 3238 1198 3284 votum
1223 3251 1375 3285 suum
1400 3235 1684 3286 conferent.

557 3318 645 3367 40.
695 3315 909 3376 Quoties
932 3318 1196 3386 agendum
1220 3319 1323 3368 erit
1364 3319 1429 3369 de
1452 3319 1630 3386 aliquo
1653 3319 1868 3388 negotio
1891 3324 2142 3388 tangente
2166 3338 2310 3372 com-

415 3399 635 3450 modum
677 3400 900 3467 alicujus
941 3403 1264 3468 capitulariS‚
1305 3402 1391 3452 vel
1427 3404 1838 3470 propinquorum
1880 3405 1992 3470 ejus
2033 3421 2198 3471 usque
2239 3405 2306 3455 ad

418 3484 706 3534 secundum
730 3485 953 3551 gradum
978 3486 1250 3550 inclusive,
1277 3487 1419 3537 idem
1444 3489 1726 3538 canonicus
1748 3505 1854 3538 non
1872 3492 2048 3555 potest
2061 3490 2309 3539 interesse

417 3567 651 3633 capitulo
687 3568 858 3633 quoad
882 3568 1036 3618 illum
1060 3573 1257 3632 actum,
1281 3575 1345 3619 ut
1369 3575 1571 3620 caetera
1595 3572 1765 3638 magis
1810 3571 1972 3620 libera
2009 3573 2116 3621 sint
2152 3576 2306 3633 vota3

421 3665 566 3701 secus
589 3654 739 3701 actus
762 3652 872 3718 ipse
897 3652 970 3702 sit
986 3652 1180 3703 irritus.
1262 3652 1497 3722 (Synod.
1522 3652 1835 3724 Fulyinat.)
