2514 4504
449 393 572 455 228
1002 410 1168 454 00110.
1215 410 1387 458 PROV.
1434 409 1656 454 wnsm.
1700 410 1782 454 Ν.

590 559 673 609 10.
712 557 779 608 Ι11
830 572 1147 624 unaquaque
1203 556 1455 607 missione
1511 555 1822 607 conficiatur
1879 555 2192 622 archivium,
2249 577 2345 612 ceu

444 659 616 711 capsa,
652 642 736 694 vel
773 642 915 693 locus
953 640 1275 692 sufficienter
1312 656 1476 707 capax
1508 643 1565 690 et
1597 640 1860 704 munitus,
1884 642 1942 691 in
1967 659 2072 709 quo
2096 646 2346 696 asservari

444 735 664 801 possunt
704 747 885 782 omnes
926 729 1065 792 libri,
1091 729 1302 795 aliaque
1340 728 1659 779 documenta
1701 728 1769 779 ad
1811 730 2115 782 missionem
2146 733 2346 799 pertin-

443 817 605 868 entia.
678 815 762 865 Ad
786 815 1028 864 tramites
1062 813 1110 864 Ι.
1145 811 1302 864 Cone.
1337 812 1581 876 Westm„
1606 829 1767 880 quam
1801 815 2200 869 adcuratissime
2224 835 2347 870 con-

445 900 736 951 scribantur
759 901 815 949 et
839 903 1209 949 conserventur
1245 898 1368 948 libri
1404 897 1813 965 baptizatorum,
1839 899 2181 953 distinctione
2205 902 2348 954 facta

444 985 829 1052 baptismorum
861 983 959 1050 sub
995 983 1299 1034 conditione
1333 981 1665 1046 collatorum,
1690 982 2117 1037 confirmatorum
2149 986 2343 1053 pariter

447 1075 502 1120 et
521 1069 906 1130 defunctorum,
932 1071 987 1118 et
1004 1084 1185 1118 eorum
1204 1068 1297 1134 qui
1322 1067 1724 1118 matrimonium
1751 1073 2140 1133 contraxerunt,
2163 1071 2347 1122 addito

446 1155 628 1216 etiam,
654 1153 698 1204 si
722 1152 836 1203 fieri
871 1156 1066 1220 potest,
1099 1151 1231 1203 libro
1269 1152 1612 1220 sepultorum.
1686 1153 2018 1206 Archivistae
2053 1171 2248 1207 munus
2283 1173 2354 1214 ex,

446 1238 617 1291 officio
675 1241 824 1288 tenet
877 1240 1046 1287 rector
1100 1237 1365 1300 ecclesiae,
1413 1237 1543 1288 licet
1591 1239 1901 1289 exercitium
1949 1241 2180 1291 muneris
2227 1239 2349 1292 aliis

445 1320 777 1372 committere
800 1318 985 1386 possit,
1009 1318 1122 1386 ipse
1146 1323 1329 1369 tamen
1351 1335 1445 1387 pro
1475 1319 1859 1386 conscriptione
1894 1319 2150 1372 librorum
2174 1325 2231 1372 et
2253 1338 2348 1389 pro

446 1405 686 1457 custodia
718 1403 958 1455 omnium
991 1403 1048 1453 in
1084 1402 1317 1453 archivio
1354 1403 1700 1470 repositorum
1736 1404 1999 1455 rationem
2031 1405 2347 1458 redditurus.

447 1491 514 1542 In
539 1489 770 1541 archivio
795 1488 1080 1556 diligenter
1102 1492 1424 1555 reponantur
1448 1492 1504 1539 et
1535 1493 1860 1540 asserventur
1897 1489 2077 1541 omnia
2115 1489 2350 1559 Synodo-

445 1595 562 1628 rum
580 1580 633 1628 et
650 1573 1066 1626 Provincialium
1082 1577 1138 1624 et
1153 1573 1591 1625 Dioecesanarum
1610 1573 1852 1637 Decreta,
1867 1575 2167 1627 litterarum
2183 1576 2349 1628 etiam

446 1661 698 1730 Episcopi
722 1659 1065 1728 pastoralium
1091 1659 1262 1722 series,
1287 1659 1629 1726 omniumque
1654 1660 1914 1727 ejusmodi
1937 1661 2350 1713 instructionum

447 1746 702 1798 formulae
726 1745 794 1795 ab
819 1744 1095 1796 Ordinario
1119 1744 1503 1813 promulgatae.

593 1833 676 1882 11.
713 1829 1062 1880 Meminerint
1103 1828 1440 1880 ecclesiarum
1483 1829 1609 1880 cleri
1659 1830 1936 1882 saecularis
1982 1834 2203 1882 rectores
2251 1830 2350 1882 soli

448 1914 708 1982 Episcopo
750 1915 1046 1979 competere
1077 1909 1169 1978 jus
1213 1927 1369 1962 onera
1409 1910 1712 1975 Missarum,
1750 1913 1860 1963 sive
1895 1913 2005 1964 sint
2037 1913 2350 1981 temporalia

447 2000 557 2050 sive
592 2000 863 2065 perpetua,
900 1995 1131 2046 ecclesiis
1169 1996 1509 2063 imponendi3
1559 1999 1616 2046 et
1652 2012 1809 2047 onera
1832 1996 1950 2063 jam
1978 1997 2232 2065 imposita
2254 2014 2350 2048 nec

446 2084 645 2134 mutari
669 2098 766 2133 nec
790 2081 965 2131 minui
990 2097 1138 2147 posse
1163 2080 1462 2130 inconsulta
1487 2078 1683 2131 Sancta
1707 2079 1877 2133 Sede.¹

595 2170 677 2219 12.
715 2166 782 2217 111
806 2165 986 2216 Ρ111110
1021 2163 1256 2216 Concilio
1280 2164 1571 2215 Westmon.
1589 2164 1708 2232 jam
1732 2169 1955 2216 cautum
1977 2169 2059 2216 est
2082 2182 2151 2216 ne
2174 2182 2349 2216 rerum

447 2253 794 2308 saecularium
836 2249 1351 2300 administrationem
1394 2249 1687 2317 suscipiant
1728 2250 2032 2302 sacerdotes
2127 2250 2351 2318 Experi-

447 2341 594 2392 entia
650 2353 770 2388 vero
827 2335 1002 2385 edocti
1060 2334 1508 2401 sapientissimam
1565 2333 1975 2402 prohibitionem
2033 2335 2350 2386 arbitramur

446 2423 816 2477 renovandam.
902 2419 1124 2486 Insuper
1178 2418 1423 2470 omnibus
1479 2420 1830 2487 praecipimus
1886 2423 1950 2471 ut
2006 2420 2350 2487 pecuniarum

448 2508 743 2561 custodiam
776 2503 1010 2571 accipere
1047 2507 1349 2554 constanter
1380 2508 1646 2564 recusent3
1683 2520 1853 2570 neque
1878 2503 2102 2556 aliorum
2125 2507 2181 2557 et
2203 2520 2351 2572 prae-

449 2596 630 2647 sertim
652 2606 947 2660 pauperum
982 2605 1229 2640 nummos
1259 2605 1419 2656 penes
1456 2606 1511 2641 se
1546 2591 1831 2652 retineant,
1855 2589 1941 2647 vel
1964 2589 2128 2640 etiam
2153 2590 2348 2658 deponi

449 2679 789 2750 permittant:
833 2692 899 2726 ne
935 2675 1018 2726 vel
1042 2678 1379 2742 peccatorum
1405 2674 1620 2725 funibus
1645 2674 2008 2741 circumplexi,
2033 2674 2117 2726 vel
2140 2676 2348 2743 propria

449 2768 683 2834 ipsorum
739 2761 943 2812 incuria
998 2764 1054 2810 et
1109 2759 1440 2828 negligentia
1488 2759 1718 2826 decepti,
1767 2759 2007 2826 deposita
2055 2759 2129 2814 sic
2179 2759 2348 2836 perire

451 2852 645 2911 sinant,
669 2851 732 2898 ut
757 2846 864 2896 sint
882 2845 1124 2895 trahendi
1143 2849 1268 2894 ante
1287 2843 1574 2895 tribunalia
1583 2843 1832 2911 judicum
1852 2842 2195 2894 saecularium
2206 2860 2220 2902 ;
2246 2842 2347 2908 vel,

452 2934 592 3003 quod
623 2931 773 2999 pejus
816 2932 969 2992 esset,
1002 2932 1098 2979 aut
1131 2928 1299 2979 laesae
1331 2928 1474 2990 fidei,
1508 2932 1603 2978 aut
1637 2928 1907 2991 avaritiae,
1940 2930 2035 2978 aut
2071 2928 2234 2978 etiam
2265 2927 2350 2993 111·-

444 3018 694 3089 justitiae
718 3015 1028 3083 suspicione,
1053 3029 1245 3064 nomen
1271 3011 1588 3063 sacerdotale
1612 3012 1896 3063 maculent.

1131 3160 1530 3212 DECRETUM
1574 3159 1673 3210 XI.

701 3275 781 3327 De
807 3271 1015 3327 Ordme
1038 3270 1307 3324 servando
1331 3269 1400 3323 ‘im
1425 3268 1695 3322 Domibus
1721 3269 2101 3324 Sacerdotum.

601 3392 649 3442 1.
686 3386 1016 3454 Presbyteria
1052 3385 1160 3434 sint
1194 3384 1392 3449 ubique
1428 3398 1549 3433 vera
1584 3372 1738 3449 pacis
1761 3385 1817 3432 et
1841 3382 2133 3445 charitatis,
2158 3383 2350 3435 sobrie-

455 3475 586 3526 tatis
611 3477 667 3524 et
689 3469 979 3522 modestiae
1003 3467 1305 3527 domicilia3
1354 3467 1414 3517 in
1448 3466 1691 3517 omnibus
1728 3466 1874 3517 fideli
1908 3466 2104 3534 populo
2141 3467 2349 3535 insigne

729 3600 745 3625 ¹
769 3600 836 3641 De
853 3598 1184 3652 obligationibus
1201 3597 1442 3647 Missurum,
1465 3596 1561 3638 vide
1579 3596 1778 3637 Arrm.
1800 3596 1908 3637 VII.
1929 3609 1972 3650 p.
2004 3599 2095 3637 303.
