2514 4504
1023 539 1267 582 APPEND.
1314 538 1351 579 1.
2047 517 2119 572 51

234 690 464 742 invicem
489 690 656 742 unitis
691 688 1019 741 Meneviensi
1057 692 1113 740 et
1147 685 1542 755 Newportensi:
1584 700 1645 735 ac
1669 689 1878 751 tempus
1902 686 2133 749 praesto-

235 775 422 838 lantes,
482 791 586 843 quo
646 775 864 826 caeteris
923 775 1088 825 etiam
1151 789 1270 825 suos
1330 771 1452 822 dare
1505 769 1792 837 Episcopos
1851 766 2134 828 valeamuS,

236 860 597 912 commisimus
644 861 843 911 interea
890 856 1437 910 westmonasteriensi
1469 854 1874 922 Archiepiscopo
1906 851 2136 903 admini-

238 945 547 997 strationem
608 944 873 996 Ecclesiae
949 943 1375 1005 SuthwarcensiS,
1426 942 1687 1009 Episcopo
1742 937 2135 1004 Liverpolitano

238 1030 752 1082 administrationem
796 1030 1063 1081 Ecclesiae
1107 1028 1487 1090 SalfordiensiS,
1514 1027 1775 1094 Episcopo
1803 1022 2136 1075 Cliftonicnsi

238 1116 754 1167 administrationem
805 1116 1071 1167 Ecclesiae
1113 1113 1526 1182 PlymuthensiS,
1565 1111 1825 1178 Episcopo
1870 1108 2138 1176 Birming-

238 1199 497 1252 hamiensi
512 1202 1003 1252 administrationen
1018 1198 1282 1250 Ecclesiae
1291 1195 1835 1265 NothinghamiensiS‚
1845 1210 1905 1244 ac
1920 1193 2138 1243 tandem

241 1287 501 1355 Episcopo
544 1286 899 1338 Ecclesiarum
939 1286 1215 1336 unitarum
1257 1282 1611 1335 Meneviensis
1654 1285 1709 1332 et
1751 1279 2138 1348 Newportensis

239 1371 753 1423 administrationem
777 1370 1213 1422 demandavimus
1256 1368 1524 1420 Ecclesiae
1565 1366 1901 1434 Salopiensis.
1975 1364 2139 1415 Hisce

241 1456 411 1526 igitur
455 1473 548 1524 per
594 1456 822 1508 diversas
870 1471 1027 1525 supra
1073 1457 1507 1506 commemoratas
1554 1451 1771 1503 Nostras
1808 1449 2139 1517 Apostolicas

241 1541 471 1593 Litteras
518 1542 598 1593 ita
645 1542 970 1604 constitutiS,
1026 1557 1175 1592 curas
1222 1540 1380 1591 modo
1427 1542 1630 1590 nostras
1668 1536 2024 1587 convertimus
2071 1535 2140 1586 ad

240 1627 639 1679 institutionem
688 1625 1038 1694 Collegiorum
1079 1625 1486 1687 canonicalium,
1521 1639 1761 1691 eamque,
1808 1625 1874 1672 ut
1920 1620 2140 1672 celerius

241 1711 422 1782 perfici
468 1712 660 1775 valeat,
712 1712 842 1779 ipsis
879 1710 1215 1763 Praesulibus
1248 1710 1367 1779 jam
1408 1709 1678 1761 institutis
1711 1707 1960 1759 duximus
1998 1722 2141 1757 com-

241 1796 577 1849 mittendam.
650 1795 841 1864 Itaque
864 1800 1017 1848 motu
1040 1796 1268 1864 proprio,
1290 1799 1347 1846 et
1362 1811 1426 1846 ex
1449 1793 1784 1862 plenitudine
1808 1791 2141 1859 Apostolicae

242 1882 463 1934 Nostrae
493 1883 829 1934 auctoritatis
867 1882 1064 1934 dilecto
1101 1881 1214 1932 filio
1242 1884 1419 1932 nostro
1446 1878 1712 1931 Cardinali
1735 1877 2141 1945 Archiepiscopo

242 1968 803 2031 westmonasteriensi,
828 1971 885 2020 et
919 1966 1318 2020 Venerabilibus
1359 1964 1609 2016 fratribus
1634 1963 1910 2031 Episcopis
1936 1962 2143 2030 Hagul-

243 2052 489 2115 stadensi,
550 2051 930 2117 Beverlacensi,
990 2051 1404 2121 LiverpolitanO,
1466 2048 1822 2111 Cliftoniensi,
1871 2046 2142 2117 Birming-

241 2136 514 2200 hamensi,
538 2136 593 2189 N
593 2137 1087 2206 orthamptoniensi,
1112 2141 1168 2189 et
1193 2137 1455 2205 Episcopo
1488 2135 1760 2186 unitarum
1786 2133 2142 2185 Ecclesiarum

240 2222 591 2275 Meneviensis
615 2240 676 2275 ac
699 2223 751 2274 N
753 2225 1086 2293 ewportensis
1110 2222 1501 2275 committimus
1539 2228 1702 2287 atque
1742 2220 2054 2270 mandamus
2078 2222 2144 2269 ut

239 2309 598 2376 unusquisque
634 2308 848 2360 illorum
890 2308 1084 2361 Nostro
1125 2309 1360 2371 nomine,
1403 2311 1459 2358 et
1498 2324 1561 2358 ex
1604 2306 1849 2376 delegata
1896 2322 1928 2355 a
1976 2304 2143 2355 Nobis

240 2397 505 2464 potestate
540 2395 835 2447 constituat
875 2395 935 2446 in
973 2395 1197 2447 dioecesi
1237 2411 1331 2446 sua
1369 2392 1698 2461 Capitulum,
1746 2391 1887 2460 quod
1930 2407 1994 2442 ex
2036 2406 2145 2442 una

241 2478 430 2531 saltem
472 2478 739 2548 dignitate
781 2483 838 2531 et
879 2480 1061 2532 decem
1103 2479 1369 2531 canonicis
1411 2482 1632 2530 constet.
1708 2477 1793 2528 Ad
1828 2479 2143 2527 memoratas

242 2567 422 2616 autem
467 2564 649 2616 unitas
692 2563 953 2616 Ecclesias
993 2564 1390 2616 Meneviensem
1431 2567 1488 2615 et
1528 2563 1581 2614 N
1584 2566 1959 2630 ewportensem
2002 2560 2144 2628 quod

242 2650 457 2712 attinet,
482 2649 611 2701 satis
634 2650 693 2701 in
717 2667 958 2719 praesens
984 2667 1093 2702 esse
1117 2667 1407 2713 censemuS,
1432 2652 1498 2700 ut
1537 2648 1758 2700 unicum
1801 2664 1895 2715 pro
1918 2650 2144 2713 utraque

242 2734 531 2802 capitulare
556 2732 856 2806 Collegium
879 2736 1219 2788 instituatur,
1284 2734 1607 2786 Mandamus
1631 2735 1860 2801 insuper,
1891 2735 1947 2783 et
1970 2732 2145 2783 eidem

241 2818 656 2888 Metropolitano
703 2821 975 2885 Antistiti,
1022 2824 1186 2888 atque
1234 2820 1511 2888 Episcopis
1547 2818 1963 2886 LiverpolitanO,
2012 2815 2141 2868 Clif-

227 2898 491 2969 ⁴toniensi,
523 2905 1047 2976 Birminghamiensi,
1071 2923 1170 2958 nec
1197 2922 1305 2957 non
1330 2906 1594 2974 Episcopo
1617 2904 1891 2955 unitarum
1917 2901 2146 2953 Ecclesi-

244 3008 396 3045 arum
442 2991 797 3045 Meneviensis
844 2997 901 3045 et
958 2992 1012 3044 N
1014 2991 1349 3060 ewportensis
1408 2994 1730 3059 potestatem
1792 2989 2034 3052 facimuS,
2081 2992 2147 3039 ut

245 3078 470 3149 quisque
493 3076 706 3129 illorum
730 3076 1030 3129 cathedrale
1055 3075 1368 3145 Capitulum
1401 3076 1587 3128 eodem
1611 3074 1767 3142 plane
1803 3074 1960 3125 modo
1985 3077 2042 3125 et
2081 3089 2147 3125 ex

245 3162 489 3231 delegata
512 3162 711 3230 pariter
733 3162 1039 3231 Apostolica
1063 3162 1385 3214 auctoritate
1424 3160 1734 3223 constituat,
1776 3160 1836 3210 in
1878 3175 1940 3210 ea
1980 3159 2147 3210 etiam

246 3247 484 3299 Ecclesia
507 3246 658 3314 cujus
682 3247 1075 3299 administratio
1099 3247 1275 3299 eidem
1298 3263 1330 3297 a
1345 3245 1510 3298 Nobis
1529 3244 1847 3297 demandata
1864 3248 1960 3295 est.
2020 3243 2056 3295 J
2058 3260 2147 3295 am

245 3349 367 3385 vero
428 3330 678 3400 Capitula
738 3334 872 3402 ipsa,
920 3337 987 3385 ut
1040 3333 1275 3401 primum
1322 3331 1577 3383 instituta
1625 3331 1842 3393 fuerint,
1903 3329 2148 3381 omnibus

246 3418 487 3469 fruentur
519 3417 747 3486 juribus,
790 3418 1139 3487 omnibusque
1182 3416 1595 3486 obligationibus
1637 3415 1975 3477 tenebuntur,
2013 3431 2148 3483 quae

247 3502 659 3570 metropolitana
683 3506 779 3553 aut
804 3502 1117 3554 cathedralis
1137 3501 1498 3570 cujuscunque
1524 3498 1762 3567 Capituli
1788 3517 1851 3551 ex
1875 3500 2148 3551 communi

247 3604 509 3639 sacrorum
552 3604 814 3638 canonum
855 3588 977 3656 jure
1018 3588 1227 3656 propria
1276 3590 1417 3637 sunt.
1492 3585 1666 3655 Igitur
1709 3585 1915 3654 quoties
1958 3585 2148 3635 deinde

247 3672 532 3741 contigerit
555 3676 619 3723 ut
643 3673 824 3742 aliqua
849 3690 913 3724 ex
937 3672 1343 3741 metropolitana
1380 3675 1476 3723 aut
1518 3670 1900 3739 episcopalibus
1926 3669 2149 3738 Angliae

248 3756 497 3811 Ecclesiis
520 3762 726 3831 pastore
752 3775 845 3810 suo
869 3759 1131 3826 viduetur,
1157 3762 1212 3808 et
1236 3774 1390 3811 nemo
1415 3756 1503 3817 sit,
1528 3756 1614 3805 cui
1650 3755 1886 3824 ejusdem
1921 3753 2149 3803 admini-
