2514 4504
933 510 1182 556 APPEND.
1228 508 1332 551 ΧΠ.
2001 488 2082 547 65

1065 740 1199 792 XII.

262 900 361 953 DE
411 900 457 951 F
457 898 838 952 ACULTATE
889 894 1255 949 SERVANDI
1308 891 1401 945 SS.
1453 885 2012 943 EUCHARISTIAM

465 1046 527 1085 IN
563 1044 879 1086 NONNULLIS
916 1041 1196 1083 NOBILIUM
1232 1037 1494 1079 VIRORUM
1530 1034 1837 1077 ORATORIIS.

613 1172 939 1213 INSTRUCTIO
975 1170 1053 1211 AD
1089 1168 1377 1211 EPISCOPOS
1411 1164 1675 1207 ANGLIAE.

319 1309 479 1379 Apud
513 1308 805 1360 rusticanas
844 1306 996 1357 aedes
1040 1302 1414 1372 spectabilium
1444 1302 1676 1352 virorum
1709 1295 2092 1350 catholicorum

177 1395 411 1465 capellae
437 1394 591 1465 quasi
615 1394 682 1444 ad
708 1391 1046 1444 ecclesiarum
1072 1390 1296 1441 formam
1321 1388 1463 1438 haud
1482 1403 1596 1438 raro
1615 1385 1774 1436 isthic
1794 1386 2092 1446 occurrunt,

175 1481 447 1533 interdum
472 1497 592 1532 vero
636 1478 923 1547 petitiones
957 1477 1024 1527 ad
1052 1475 1105 1527 S.
1134 1474 1325 1526 Sedem
1363 1473 1671 1543 diriguntur
1706 1487 1800 1539 pro
1835 1469 2092 1521 facultate

175 1567 463 1619 obtinenda
505 1569 570 1617 ut
612 1566 671 1616 in
712 1564 820 1614 illis
860 1562 1207 1614 Sanctissima
1246 1560 1583 1611 Eucharistia
1619 1558 1869 1610 asservari
1907 1557 2090 1626 possit.

178 1649 245 1701 In
269 1666 324 1701 re
363 1649 580 1717 quidem
615 1646 867 1717 gravioris
905 1644 1164 1696 momenti
1197 1643 1475 1694 uniformis
1511 1642 1772 1711 quaedam
1809 1639 2092 1691 methodus

177 1734 479 1786 inducenda
539 1736 669 1797 erat,
737 1730 1059 1800 proindeque
1103 1729 1485 1796 Episcoporum
1536 1727 1801 1778 sententia
1849 1727 1962 1777 visa
2011 1730 2092 1776 est

179 1820 519 1888 exquirenda,
568 1834 704 1886 quae
747 1816 984 1884 quidem,
1029 1814 1340 1864 Eminentia
1391 1813 1498 1864 Sua
1541 1817 1777 1876 curante,
1821 1812 2092 1863 occasione

178 1904 515 1973 provincialis
542 1902 741 1972 Synodi
766 1901 1027 1969 superiore
1052 1916 1190 1950 anno
1216 1898 1431 1950 habitae
1455 1899 1665 1950 reddita
1690 1899 1813 1949 fuit.

322 1989 581 2043 Omnibus
606 1989 789 2055 itaque
814 1989 1058 2037 accurate
1082 1986 1369 2054 perpensis,
1395 1985 1623 2054 capellas
1654 1985 1807 2035 hasce
1841 2001 1905 2036 ex
1936 1984 2093 2052 Epis-

178 2093 428 2145 coporum
478 2075 743 2126 sententia
791 2074 849 2124 in
899 2076 1004 2124 tres
1053 2072 1239 2124 classes
1288 2072 1494 2140 placuit
1544 2071 1890 2140 distinguere,
1932 2070 2093 2138 juxta

177 2162 436 2213 nimirum
461 2148 788 2211 differentias
813 2159 1086 2227 quasdam,
1113 2175 1250 2227 quae
1275 2158 1334 2207 in
1373 2157 1566 2208 iisdem
1606 2156 1777 2207 solent
1810 2172 2091 2219 occurrere,

176 2246 433 2299 nimirum
458 2249 523 2297 ut
548 2248 841 2313 opportune
866 2245 924 2295 in
949 2243 1173 2313 singulis
1199 2243 1404 2294 casibus
1429 2242 1783 2310 provideatur.

320 2332 503 2383 Primo
529 2331 711 2400 itaque
737 2331 970 2399 capellae
999 2330 1305 2398 hujusmodi
1340 2328 1627 2398 aliquando
1657 2327 1802 2378 haud
1835 2327 1989 2378 valde
2024 2327 2091 2378 ab

175 2417 414 2469 Ecclesia
457 2418 679 2480 distant,
714 2421 839 2468 sunt
868 2434 988 2468 vero
1023 2412 1273 2467 oratoria
1310 2411 1625 2477 domestica,
1663 2418 1822 2482 prout
1860 2414 2090 2464 strictim

174 2521 276 2556 usu
298 2503 653 2555 ecclesiastico
678 2503 844 2554 dictio
870 2502 1176 2570 hujusmodi
1196 2506 1497 2569 usurpatur,
1516 2502 1575 2551 in
1594 2500 1794 2551 bonum
1815 2498 2091 2567 spirituale

177 2589 413 2641 familiae
447 2590 777 2642 constituta:
831 2591 890 2641 in
920 2591 988 2640 iis
1025 2589 1246 2657 proinde
1275 2588 1491 2656 regulae
1520 2586 1904 2638 ecclesiasticae
1935 2602 1997 2636 ea
2027 2585 2091 2635 de

176 2692 232 2727 re
256 2675 397 2726 latae
422 2679 587 2745 atque
613 2675 951 2727 Indultorum
977 2674 1231 2726 formulae
1255 2678 1413 2725 erunt
1446 2673 1743 2735 servandae,
1780 2671 1956 2741 quoad
1985 2671 2092 2722 alia

177 2761 237 2812 in
261 2761 488 2830 singulis
514 2761 720 2812 casibus
747 2760 800 2812 S.
829 2760 979 2812 Sedis
1006 2760 1272 2811 sententia
1298 2760 1399 2810 erit
1422 2758 1821 2826 expostulanda.

324 2847 565 2899 Secundo
613 2848 749 2898 aliae
792 2852 1071 2899 occurrunt
1115 2846 1365 2915 capellae,
1408 2846 1552 2914 apud
1591 2862 1722 2913 quas
1765 2844 2091 2896 conveniunt

178 2949 285 2984 non
309 2933 468 2984 modo
493 2933 772 2984 domestici
795 2938 851 2984 et
876 2934 1179 2997 familiareS,
1205 2934 1296 2984 sed
1321 2933 1494 2984 coloni
1529 2948 1739 3002 quoque
1777 2935 1833 2983 et
1865 2931 2090 2983 cultores

178 3019 408 3088 proximi
446 3020 718 3082 territorii,
757 3024 919 3089 atque
958 3005 1171 3086 insuper
1214 3023 1508 3087 opportune
1551 3018 1841 3069 admodum
1883 3023 2090 3086 praesto

176 3106 521 3157 missionariis
547 3122 656 3156 esse
680 3110 917 3174 possunt,
937 3110 1001 3156 ut
1026 3105 1150 3156 inde
1177 3103 1579 3156 Sanctissimam
1603 3104 1996 3156 Eucharistiam
2021 3105 2090 3157 ad

179 3191 415 3243 infirmos
465 3191 802 3243 deferendam
852 3195 1084 3253 sumant,
1139 3207 1261 3241 cum
1318 3189 1600 3240 intervallo
1656 3190 1890 3259 quodam
1946 3191 2091 3243 haud

177 3278 370 3347 exiguo
394 3277 613 3328 ecclesia
636 3276 820 3344 procul
844 3275 970 3327 inde
994 3276 1207 3328 existat.

321 3362 552 3414 Demum
598 3363 757 3413 tertio
800 3362 915 3413 loco
963 3367 1298 3413 recensentur
1347 3378 1483 3430 quae
1532 3362 1706 3430 magis
1756 3362 1824 3413 ab
1871 3362 2090 3414 ecclesia

179 3448 401 3511 distant,
444 3452 606 3515 atque
648 3465 708 3498 ea
750 3448 954 3498 ratione
997 3448 1322 3499 constitutae
1371 3451 1498 3498 sunt
1543 3451 1609 3498 ut
1657 3447 1837 3499 haberi
1885 3448 2090 3515 possint

180 3535 345 3586 veluti
373 3534 690 3585 succursales
715 3538 770 3584 et
803 3533 990 3584 filiales
1020 3534 1195 3601 quoad
1229 3533 1472 3585 ecclesias
1509 3550 1603 3601 pro
1632 3534 1931 3584 animarum
1965 3550 2090 3586 cura

178 3620 496 3687 designatas.

323 3704 507 3766 Quoad
533 3705 716 3772 itaque
754 3705 982 3772 capellas
1021 3706 1278 3756 secundae
1310 3708 1366 3755 et
1400 3706 1587 3755 tertiae
1613 3704 1807 3771 speciei
1834 3704 2089 3755 Eminen-

180 3790 375 3843 tissimi
403 3790 587 3842 Patres
613 3796 928 3842 censuerunt
948 3791 1369 3858 permittendum
1388 3795 1451 3841 ut
1470 3807 1533 3841 ex
1554 3790 1804 3858 Episcopi
1825 3790 2089 3841 sententia

1898 3885 1925 3927 5
