2514 4504
946 485 1195 533 APPEND.
1243 485 1344 545 η,
1388 482 1444 529 ν.
2056 467 2132 524 55

1136 794 1257 857 IV.

633 980 737 1034 DE
790 975 1151 1035 CAPITULO
1208 970 1764 1027 PLYMUTHENSI.

746 1143 873 1185 DEC.
910 1143 955 1184 S.
991 1140 1152 1184 CONG.
1189 1139 1265 1180 DE
1298 1138 1451 1178 PROP.
1490 1138 1638 1177 FIDE.

391 1281 528 1339 Cum
541 1283 602 1336 in
620 1284 878 1336 erectione
890 1280 1127 1349 Capituli
1137 1277 1464 1332 Cathedralis
1480 1277 1745 1329 Ecclesiae
1755 1275 2151 1346 Plymuthensis

242 1370 403 1440 juxta
438 1370 670 1422 Litteras
707 1366 1035 1436 Apostolicas
1067 1364 1398 1417 Sanctissimi
1422 1363 1639 1415 Domini
1664 1363 1864 1426 Nostri,
1889 1363 2039 1415 datas
2065 1362 2153 1413 die

144 1492 147 1495 -
255 1458 320 1508 19
363 1455 675 1507 Novembris
712 1453 840 1505 anni
886 1453 1043 1514 1850,
1081 1450 1420 1502 difficultates
1463 1465 1727 1501 occurrere
1764 1449 1970 1517 possint
2011 1447 2153 1516 quod

251 1543 438 1593 statim
485 1539 726 1591 canonici
774 1555 835 1590 eo
882 1553 1101 1589 numero
1149 1536 1291 1587 haud
1331 1535 1543 1587 valeant
1585 1534 1858 1597 constitui,
1900 1538 2058 1601 prout
2097 1533 2154 1583 in

251 1626 555 1678 memoratis
601 1624 797 1676 litteris
855 1622 1161 1691 praefinitus
1220 1622 1516 1689 reperitur3
1585 1619 1638 1671 S.
1690 1618 2040 1688 Congregatio
2089 1618 2155 1669 de

253 1710 602 1780 Propaganda
637 1709 792 1771 Fide,
827 1708 885 1758 in
911 1707 1142 1777 generali
1179 1710 1444 1757 conventu
1468 1706 1578 1757 diei
1614 1707 1645 1756 5
1674 1704 1870 1772 Aprilis
1901 1706 2055 1766 1852,
2092 1719 2156 1754 ex

254 1803 380 1851 voto
400 1793 823 1848 Eminentissimi
841 1810 901 1843 ac
921 1792 1363 1843 Reverendissimi
1378 1791 1443 1841 D.
1455 1790 1850 1858 Archiepiscopi
1858 1789 2157 1841 Westmon-

255 1882 550 1935 asteriensis
610 1896 672 1930 ac
719 1878 835 1930 RR.
885 1877 995 1928 ΡΡ.
1046 1876 1162 1928 DD.
1223 1876 1448 1945 Angliae
1499 1875 1901 1942 Episcoporum,
1950 1874 2158 1925 censuit

256 1966 661 2037 supplicandum
710 1962 1069 2024 Sanctissim0‚
1114 1965 1196 2024 ut,
1244 1961 1396 2012 firma
1443 1961 1502 2011 in
1550 1960 1765 2028 reliquis
1814 1960 2158 2028 dispositione

256 2053 427 2106 brevis
479 2052 800 2110 remanente,
844 2046 1154 2115 Capitulum
1206 2047 1587 2115 Plymuthense
1641 2048 1890 2115 erigatur,
1946 2045 2159 2096 etiamsi

255 2137 601 2208 praestitutus
636 2133 1006 2185 canonicorum
1030 2149 1279 2201 numerus
1303 2132 1448 2183 haud
1478 2132 1665 2183 statim
1690 2130 1941 2198 compleri
1967 2130 2157 2180 valeat.

399 2221 554 2272 Hanc
578 2236 698 2271 vero
723 2218 777 2271 S.
801 2216 858 2270 C.
878 2219 1198 2269 sententiam
1223 2216 1569 2269 Sanctissimo
1594 2217 1823 2267 Domino
1848 2215 2040 2266 Nostro
2060 2214 2158 2266 Pio

256 2306 434 2375 Papae
457 2305 559 2358 IX.
584 2304 653 2356 ab
674 2302 1006 2371 infrascripto
1031 2302 1305 2354 secretario
1329 2302 1549 2353 relatam
1573 2301 1633 2352 in
1669 2301 1943 2352 audientia
1978 2300 2087 2351 diei
2124 2300 2156 2351 6

257 2392 493 2461 ejusdem
539 2390 734 2442 mensis
779 2393 837 2440 et
883 2387 1028 2452 anni,
1079 2387 1346 2440 Sanctitas
1394 2404 1489 2439 sua
1535 2387 1766 2456 benigne
1814 2387 1873 2437 in
1915 2385 2159 2437 omnibus

256 2477 517 2547 probavit,
540 2474 815 2527 contrariis
838 2474 1238 2543 quibuscunque
1262 2489 1369 2524 non
1393 2473 1742 2530 obstantibus,

400 2562 621 2625 Datum,
646 2564 768 2625 etc„
792 2559 858 2614 21
886 2559 1101 2629 Aprilis,
1129 2559 1286 2611 1852.

1302 2642 1388 2696 Al.
1425 2642 1708 2707 BARNABo,
1743 2636 2096 2696 Secretarius.

1167 2902 1250 2964 V.

315 3053 415 3107 DE
474 3051 832 3114 CAPITULO
893 3031 1423 3104 NEWPORTENSI
1483 3049 1576 3101 ΕΤ
1635 3049 2116 3103 MENEVIENSI.

764 3194 887 3234 DEC.
925 3193 969 3232 S.
1009 3192 1173 3232 CONG.
1210 3191 1287 3230 DE
1322 3190 1476 3229 PROP.
1514 3190 1662 3228 FIDE.

407 3313 544 3369 Cum
567 3317 839 3383 perspecta
869 3313 1099 3364 existant
1125 3310 1412 3380 singularia
1445 3310 1636 3360 merita
1679 3308 1968 3360 Monastici
2010 3309 2163 3361 Ordi-

263 3401 347 3452 nis
373 3399 426 3453 S.
453 3401 729 3452 Benedicti
754 3400 927 3467 quoad
951 3397 1386 3465 propagationem
1407 3394 1734 3446 Christianae
1760 3394 2052 3463 Religionis
2071 3412 2164 3462 per

263 3486 532 3555 Angliam,
580 3486 710 3536 adeo
758 3490 823 3535 ut
869 3482 1165 3551 privilegiis
1209 3479 1563 3549 singularibus
1598 3478 1811 3546 jamdiu
1860 3481 1917 3528 in
1967 3480 2163 3529 bonum

264 3569 530 3622 Ecclesiae
554 3570 699 3621 illius
724 3569 1049 3620 Institutum
1074 3567 1218 3618 istud
1249 3564 1484 3616 exornari
1527 3564 1810 3623 meruerit3
1848 3580 1970 3613 cum
2008 3564 2165 3614 modo

265 3655 428 3705 etiam
470 3655 804 3724 congregatio
847 3651 1393 3722 Anglo-Benedictina
1441 3651 1499 3700 in
1548 3665 1609 3699 ea
1658 3649 1729 3698 sit
1772 3648 2066 3712 voluntate,
2101 3653 2167 3699 ut

267 3755 416 3790 suam
440 3756 652 3807 operam
675 3739 733 3790 in
756 3738 955 3791 bonum
994 3736 1260 3788 Ecclesiae
1297 3733 1683 3802 Newportensis
1718 3736 1775 3783 et
1812 3732 2166 3785 Meneviensis
