2514 4504
935 538 999 581 11.
1048 539 1295 582 APPEND.
1343 539 1383 582 1.
2028 521 2107 585 75

857 1016 1459 1093 APPENDIX.

1078 1204 1243 1214 —--—-

983 1340 1214 1405 PARS
1258 1342 1350 1419 ΙΙ,

303 1495 612 1536 ΟΟΝΤῙΝΕΝΒ
646 1495 779 1536 ALIA
813 1496 1160 1537 DOCUMENTA
1197 1495 1610 1537 ECOLESIASTIOA
1645 1495 1724 1535 AD
1760 1494 2029 1535 SYNODUM

518 1608 907 1660 PERTINEN‘HA,
944 1610 1047 1648 SED
1085 1610 1147 1648 IN
1182 1608 1338 1649 Acus
1375 1610 1490 1650 NON
1526 1608 1829 1649 ALLEGATA.

1168 1730 1321 1737 ——-.-—

1143 1814 1193 1868 Ι.

657 1938 1050 1991 LITTERAE
1123 1937 1671 1992 APOSTOLIOAE

810 2062 904 2115 SS.
942 2062 1218 2115 DOMINI
1254 2061 1521 2114 NOSTRI

242 2186 467 2236 QUIBUS
493 2185 877 2227 HIERAROHIA
903 2184 1284 2226 EPISCOPALIS
1312 2184 1382 2225 IN
1409 2184 1641 2226 ANGLIA
1668 2183 2088 2228 REs'rrrm'rUR

919 2292 1089 2345 PIUS
1146 2293 1256 2345 PP.
1314 2292 1413 2345 IX.

702 2417 781 2458 AD
816 2418 1146 2458 PERPETUAM
1182 2419 1276 2457 REI
1313 2417 1635 2457 MEMORIAM.

358 2521 682 2574 Universalis
721 2520 987 2571 Ecclesiae
1030 2519 1287 2588 regendae
1327 2522 1561 2586 potestas
1595 2518 1835 2570 Romano
1869 2520 2123 2572 Pontifici

212 2610 270 2659 in
311 2606 507 2658 Sancto
541 2607 699 2657 Petro
733 2605 1104 2673 Apostolorum
1145 2604 1394 2672 Principe
1427 2621 1459 2655 a
1496 2604 1724 2655 Domino
1766 2605 1956 2656 Nostro
1995 2606 2123 2658 Jesu

212 2696 419 2752 Christo
438 2694 637 2747 tradita
651 2693 972 2763 praeclaram
989 2691 1140 2742 illam
1155 2691 1214 2741 in
1231 2691 1536 2759 Apostolica
1556 2690 1689 2742 Sede
1708 2690 2123 2742 sollicitudinem

212 2799 527 2851 quacunque
594 2785 770 2830 aetate
833 2778 1078 2839 servavit,
1138 2793 1243 2844 qua
1302 2776 1575 2845 religionis
1635 2775 1927 2827 catholicae
1987 2777 2124 2828 bono

212 2870 516 2935 ubicunque
564 2870 820 2917 terrarum
869 2863 1179 2925 consuleret,
1229 2862 1445 2930 ejusque
1506 2862 1831 2912 incremento
1893 2862 2125 2913 studiose

212 2954 527 3023 provideret.
590 2951 655 3001 Id
680 2954 861 3000 autem
886 2948 1056 2999 divini
1082 2948 1248 3014 ipsius
1268 2947 1564 2997 fundatoris
1589 2947 1810 2998 consilio
1834 2948 2124 3015 respondit,

214 3041 326 3110 qui,
351 3039 527 3107 capite
562 3036 877 3097 constituto,
902 3034 1168 3085 Ecclesiae
1200 3032 1564 3083 incolumitati
1590 3049 1754 3099 usque
1788 3032 1856 3082 ad
1882 3049 2125 3083 consum-

213 3128 506 3178 mationem
554 3122 749 3174 saeculi
798 3120 1054 3189 singulari
1105 3118 1365 3186 sapientia
1425 3118 1710 3185 prospexit.
1810 3117 2126 3168 Pontificiae

212 3212 371 3281 hujus
391 3208 763 3261 sollicitudinis
782 3207 1015 3256 fructum
1036 3204 1200 3255 sensit
1218 3220 1326 3254 una
1345 3220 1467 3254 cum
1487 3203 1605 3253 aliis
1624 3202 1835 3270 populis
1860 3203 2125 3270 inclytum

215 3297 440 3367 Angliae
458 3311 701 3364 regnum,
719 3292 800 3360 cuj
808 3309 870 3343 us
894 3291 1145 3342 historiae
1170 3294 1435 3340 testantur
1454 3289 1797 3340 christianam
1817 3288 2125 3356 religionem

215 3384 299 3437 vel
341 3401 372 3434 a
410 3380 598 3450 primis
637 3378 906 3429 Ecclesiae
951 3376 1172 3427 saeculis
1215 3376 1272 3425 in
1313 3374 1647 3425 Britanniam
1691 3374 1960 3425 invectam
2000 3391 2125 3436 esse,

215 3475 377 3538 atque
401 3469 460 3518 in
479 3484 540 3518 ea
565 3465 755 3517 deinde
773 3463 1062 3530 plurimum
1082 3461 1313 3511 floruisse
1332 3478 1345 3520 ;
1385 3459 1474 3510 sed
1494 3459 1672 3510 medio
1692 3458 1900 3509 circiter
1920 3459 2126 3509 saeculo

214 3552 424 3621 quinto,
447 3552 794 3617 posteaquam
818 3544 981 3612 Angli
1013 3548 1069 3593 et
1107 3542 1336 3594 Saxones
1373 3542 1430 3591 in
1465 3558 1583 3591 eam
1618 3541 1846 3590 insulam
1881 3541 2125 3591 advocati

217 3641 358 3701 sunt,
381 3651 488 3686 non
512 3633 670 3683 modo
694 3630 933 3699 publicas
957 3629 1069 3679 illic
1103 3645 1199 3690 reS,
1235 3627 1323 3679 sed
1349 3628 1514 3677 etiam
1539 3626 1851 3694 religionem
1877 3627 2125 3676 maximis

218 3720 378 3771 fuisse
411 3714 748 3768 detrimentis
784 3712 1047 3762 affectam.
1124 3708 1345 3760 Constat
1370 3726 1490 3759 vero
1525 3708 1684 3758 simul
1716 3707 2121 3758 sanctissimum

219 3803 669 3861 Praedecessorem
687 3802 927 3849 nostrum
948 3796 1261 3863 Gregorium
1282 3795 1543 3864 Magnum
1568 3793 1727 3843 misso
1746 3793 1979 3860 primum
2001 3810 2121 3845 cum
