2514 4504
630 452 963 496 msmucrro
1007 452 1190 495 summ
1232 452 1566 495 ΒῙΝΑΤΙΟΝΕ.
1916 438 2038 498 389

142 590 192 642 11
228 590 416 658 perche
456 592 486 642 e
525 592 788 643 sembrato
831 596 1127 658 opportuno
1171 592 1227 642 di
1271 592 1584 661 raccogliere
1626 592 1765 643 nella
1808 599 2044 660 presente

140 676 425 731 istruzione
469 675 519 727 16
558 675 805 726 massime
845 691 874 726 e
917 675 966 725 le
1009 676 1183 745 regole
1225 676 1320 743 piu
1369 677 1600 740 comuni,
1641 676 1737 727 che
1786 677 2045 745 deggiono

141 760 309 812 aversi
335 761 392 811 in
417 762 555 811 vista
579 760 702 812 nell'
726 778 818 811 uso
845 760 982 811 della
1006 761 1339 812 menzionata
1369 761 1579 812 facolta.

251 875 302 924 2.
354 872 580 942 Ognuno
628 890 702 936 sa,
742 872 838 924 che
885 890 979 941 per
1027 873 1201 941 regola
1249 874 1491 942 generale
1535 874 1754 925 secondo
1796 873 2048 924 l’odierna

143 957 426 1026 disciplina
468 959 607 1010 della
652 957 855 1022 Chiesa,
900 960 930 1010 6
973 958 1131 1011 lecito
1173 960 1226 1010 ai
1267 959 1533 1011 Sacerdoti
1573 960 1630 1010 di
1680 960 1851 1011 offrire
1901 960 1941 1010 il
1991 959 2045 1010 S.

127 1042 419 1113 Sagrificio
443 1062 550 1095 una
584 1044 692 1095 sola
724 1044 870 1096 volta
902 1044 943 1094 il
976 1044 1174 1113 giorno,
1252 1043 1371 1096 Cosi
1411 1045 1630 1112 dispone
1668 1045 1851 1096 Innoc.
1879 1044 2045 1096 111.:¹

143 1132 179 1160 “
197 1130 570 1196 respondemus
618 1130 758 1198 quod
805 1134 1025 1198 excepto
1074 1130 1162 1181 die
1211 1129 1528 1181 Nativitatis
1571 1130 1881 1181 Dominicae
1924 1127 2046 1180 ndei

145 1217 179 1245 ‘⁶
198 1229 371 1265 causa
417 1213 757 1267 necessitatis
804 1214 1054 1279 suadeat,
1095 1213 1290 1266 sufficit
1340 1213 1609 1267 Sacerdoti
1660 1214 1821 1266 semel
1864 1214 1922 1265 in
1961 1214 2047 1266 die

144 1301 180 1329 “
197 1314 360 1349 unam
383 1298 606 1350 Missam
631 1300 960 1352 solummodo
992 1299 1294 1351 celebrare.”

290 1412 339 1462 3.
389 1410 441 1462 N
443 1411 493 1463 el
518 1428 636 1464 caso
660 1413 907 1482 adunque
931 1413 989 1465 di
1013 1414 1270 1465 necessita
1303 1413 1348 1465 si
1384 1416 1648 1482 permette
1683 1413 1736 1463 ai
1774 1411 2044 1464 Sacerdoti

145 1494 383 1547 d’iterare
407 1496 461 1548 la
483 1497 659 1549 Messa
683 1498 742 1550 in
777 1515 852 1550 un
888 1498 1176 1551 medesimo
1212 1498 1415 1568 giorno·
1490 1497 1584 1551 Cib
1620 1514 1713 1566 per
1748 1498 1885 1550 altro
1920 1498 2050 1549 deve

144 1581 451 1646 intendersi‚
494 1600 641 1635 come
684 1584 873 1636 risulta
915 1584 1272 1637 chiam-amente
1313 1585 1404 1636 dai
1443 1584 1661 1636 termini
1711 1583 1862 1635 stessi
1912 1582 2050 1634 delle

146 1665 407 1730 Formole‚
426 1667 514 1718 del
536 1685 795 1736 permesso
820 1669 877 1721 di
902 1669 1157 1721 celebrare
1182 1670 1286 1721 due
1309 1669 1484 1721 Messe
1510 1669 1757 1731 soltanto‚
1777 1668 2048 1738 malgrado

147 1749 200 1801 la
249 1752 459 1821 gravit&
506 1753 641 1804 delle
689 1771 844 1806 cause
886 1771 985 1822 >per
1032 1754 1326 1806 celebrame
1374 1771 1449 1806 un
1497 1770 1715 1805 numero
1763 1754 2050 1822 maggiore.

147 1834 490 1889 Domandava
525 1838 567 1889 11
603 1838 840 1890 Prefetto
864 1839 1003 1890 della
1026 1839 1280 1891 Missione
1305 1839 1383 1891 de'
1412 1838 1737 1907 Cappuccini
1762 1838 1818 1889 di
1845 1837 2051 1900 Tunisi,

145 1920 190 1972 si
215 1922 430 1973 essendo
454 1923 591 1973 tutti
617 1923 638 1973 i
663 1923 777 1975 suoi
795 1923 1120 1974 Missionarii
1140 1924 1407 1986 carcerati,
1427 1923 1647 1974 avrebbe
1672 1927 1862 1990 potuto
1888 1922 1947 1972 in
1971 1938 2046 1972 un

147 2007 434 2059 medesimo
459 2008 659 2076 giorno,
684 2005 737 2058 si
760 2005 1051 2060 ‘necessitas
1076 2013 1288 2075 uryeat,
1314 2009 1608 2061 celebrame
1632 2010 1728 2077 piu
1754 2009 1809 2060 di
1837 2009 1954 2058 due.
1999 2006 2046 2057 E

147 2091 200 2142 la
226 2090 643 2161 Congregazione
670 2091 925 2144 Generale
950 2093 1007 2144 di
1042 2092 1388 2162 Propaganda
1425 2093 1510 2145 dei
1557 2092 1605 2144 7.
1650 2094 1848 2162 Agosto
1895 2093 2050 2144 1684.

146 2176 400 2228 risolveva
460 2181 494 2208 “
508 2193 615 2228 non
657 2194 806 2245 posse
848 2179 1024 2247 vigore
1074 2179 1392 2230 facultatum
1442 2179 1697 2229 celebrare
1746 2178 1884 2228 ultra
1923 2178 2053 2228 duas

147 2260 383 2312 Missas?
456 2261 507 2312 Il
531 2261 627 2312 che
653 2263 784 2313 erasi
810 2263 898 2332 gia
921 2263 1143 2331 risposto
1174 2263 1316 2315 nella
1354 2263 1771 2332 Congregazione
1798 2261 2053 2313 Generale

148 2351 337 2398 tenuta
361 2363 551 2399 coram
575 2345 752 2399 Semo,
778 2349 831 2399 ai
860 2348 922 2400 17
945 2348 1204 2400 Febbraro
1228 2350 1391 2410 16483
1425 2350 1614 2417 poiche
1632 2353 1837 2417 esposto
1857 2347 2053 2398 l'abuso

148 2432 243 2483 che
267 2432 399 2483 erasi
422 2431 717 2483 introdotto
741 2449 912 2499 presso
936 2434 956 2484 i
995 2432 1264 2484 Sacerdoti
1302 2434 1501 2484 schiavi
1536 2435 1595 2484 in
1631 2433 1811 2502 Algeri
1837 2433 1893 2483 di
1919 2431 2053 2483 cele-

148 2518 292 2569 brare
307 2522 384 2568 tre
399 2517 571 2568 Messe
595 2522 629 2548 “
641 2517 836 2570 szr‘ruS.
855 2556 867 2569 .
887 2519 917 2586 ‚j
925 2519 1061 2570 ussit
1077 2536 1170 2587 per
1187 2520 1394 2570 dictum
1413 2519 1743 2569 Praefectum
1761 2514 2052 2585 (Algeriae)

149 2599 424 2667 “praecipi
462 2599 674 2650 nomine
701 2598 1014 2652 Sanctitatis
1052 2618 1176 2652 suae
1215 2600 1579 2652 Sacerdotibus
1606 2637 1619 2652 .
1661 2637 1673 2650 .
1714 2636 1726 2649 .
1752 2600 1892 2667 quod
1929 2615 2053 2649 cum

149 2679 351 2732 “Sedes
369 2680 671 2747 Apostolica
687 2682 746 2731 in
764 2681 1107 2733 facultatibus
1132 2682 1579 2733 Missionariorum
1604 2685 1924 2749 potestatem
1963 2697 2054 2730 seu

151 2763 466 2814 “licentiam
503 2763 814 2813 concesserit
850 2763 1145 2814 celebrandi
1181 2763 1261 2814 bis
1304 2763 1363 2813 in
1406 2763 1508 2825 die,
1546 2762 1639 2813 ubi
1677 2762 1953 2813 necessitas
1995 2761 2053 2811 id

151 2845 440 2914 “exegerit‚
462 2860 531 2895 ne
555 2844 799 2911 deinceps
823 2844 963 2895 ultra
988 2846 1117 2895 duas
1135 2845 1324 2896 Missas
1343 2843 1652 2896 celebrent.”
1726 2844 1804 2894 Lo
1824 2848 1983 2894 stesso
2009 2842 2053 2892 si

150 2926 384 2993 ripeteva
406 2925 552 2994 negli
576 2926 703 2976 anni
732 2926 868 2976 1818
895 2942 924 2977 e
955 2928 1091 2976 1820
1116 2926 1167 2977 al
1192 2926 1428 2978 Prefetto
1446 2926 1749 2994 Apostolico
1768 2926 1822 2976 di
1849 2925 2051 2976 Tunisi.

294 3042 346 3090 4.
395 3038 474 3089 La
487 3039 741 3090 necessita
754 3039 1001 3106 adunque
1021 3040 1051 3091 e
1069 3038 1262 3091 l'unico
1278 3040 1435 3091 titolo
1453 3056 1544 3107 per
1559 3039 1646 3090 cui
1664 3039 1709 3089 si
1724 3039 2054 3090 autorizzano

152 3126 173 3176 i
198 3125 463 3177 Sacerdoti
488 3142 520 3175 a
544 3125 723 3176 binare
747 3124 799 3175 la
822 3124 1013 3176 Messa.
1089 3122 1320 3176 Convien
1338 3125 1461 3192 pero
1480 3141 1733 3175 osservare
1751 3124 1868 3174 anzi
1888 3127 2052 3174 tratto

152 3211 234 3262 col
258 3210 547 3261 ἶ76111061112
568 3210 664 3261 0116
702 3210 874 3261 “haec
897 3210 1177 3284 necessitas
1202 3227 1307 3260 non
1344 3215 1425 3261 est
1462 3210 1783 3260 desumenda
1818 3227 1881 3260 ex
1905 3214 2053 3276 parte

153 3295 402 3363 “inopiae
428 3295 786 3358 Sacerdotum‚
806 3295 895 3345 sed
921 3313 984 3346 ex
1008 3299 1158 3362 parte
1181 3295 1509 3346 necessitatis
1536 3294 1824 3361 spiritualis
1850 3293 2051 3360 populi,

154 3381 471 3432 “etraritate
488 3379 874 3432 Sacerdotum.'’
912 3380 1071 3432 Posto
1082 3380 1122 3430 11
1131 3379 1285 3447 quale
1294 3380 1555 3447 principio
1568 3380 1817 3449 eagevole
1827 3379 2053 3429 ricavare

153 3465 292 3518 varie
313 3466 487 3536 regole
510 3466 759 3535 negative
783 3465 900 3517 sull’
924 3482 1018 3517 uso
1043 3464 1182 3516 della
1206 3465 1416 3528 facolta,
1443 3466 1499 3516 di
1524 3465 1610 3516 cui
1635 3465 1680 3516 si
1704 3468 1885 3516 tratta.

594 3615 608 3638 ¹
624 3615 724 3668 Cap.
749 3616 989 3657 Oomuluieti
1008 3614 1060 3657 de
1078 3614 1359 3657 celebratione
1378 3614 1619 3656 Missua-um.

441 3682 460 3707 ⁸
481 3682 548 3725 De
566 3684 713 3736 Apost.
732 3684 1007 3724 Missionibus
1026 3682 1111 3723 Tit.
1135 3682 1217 3721 IV.
1241 3682 1292 3729 Q.
1314 3684 1366 3723 98
1385 3682 1498 3723 Dub.
1524 3684 1572 3723 18
1590 3694 1634 3722 n.
1658 3682 1748 3722 201.
