2514 4504
447 399 532 470 88
1028 419 1190 473 conc.
1230 419 1405 465 PRov.
1450 419 1672 464 wss'ffl.
1717 418 1762 465 1.

922 727 1021 782 DE
1069 727 1290 781 MISSA
1338 727 1481 782 PRO
1530 724 1835 781 POPULO.

849 916 1108 959 EPISTOLA
1154 917 1200 958 S.
1247 917 1408 958 CONG.
1457 917 1534 957 DE
1579 917 1737 958 PROP.
1783 917 1933 959 FIDE·

434 1142 611 1194 Illm0.
638 1161 667 1195 e
692 1144 844 1196 Rmo,
874 1143 1110 1212 Signom,

577 1229 643 1279 In
669 1230 793 1280 data
819 1230 905 1280 del
934 1232 997 1279 12
1025 1229 1208 1296 Aprile
1234 1229 1289 1279 di
1314 1227 1482 1295 quest'
1507 1244 1645 1280 anno
1668 1226 1792 1280 V.S.
1810 1227 1870 1279 in
1893 1227 2090 1280 unione
2114 1229 2197 1280 coi
2221 1227 2339 1280 VV.

435 1314 549 1365 suoi
576 1313 901 1383 Suffraganei
926 1330 1222 1382 proponeva
1246 1313 1351 1364 alla
1377 1313 1429 1365 S.
1457 1312 1688 1383 Congne.
1713 1315 1735 1365 i
1761 1314 2002 1382 sequenti
2028 1315 2288 1366 dubbii—

580 1402 627 1450 1.
665 1399 749 1450 An
798 1399 1050 1466 Episcopi
1111 1402 1391 1449 teneantur
1450 1404 1657 1466 praeter
1703 1398 1927 1449 Missam
1968 1415 2080 1468 pro
2122 1397 2341 1468 populo

433 1486 715 1536 secundam
754 1485 976 1536 Missam
1016 1485 1272 1552 applicari
1316 1502 1493 1536 curare
1535 1502 1629 1552 pro
1668 1484 2075 1554 congregatione
2099 1484 2342 1536 fidelium

430 1587 589 1638 prope
616 1570 907 1621 Ecclesiam
934 1569 1300 1622 Cathedralem
1325 1571 1467 1621 intra
1491 1574 1659 1622 certos
1682 1570 1884 1621 limites
1907 1570 2185 1621 existente.

575 1659 626 1707 2.
664 1656 750 1707 An
821 1660 996 1707 stante
1061 1657 1345 1707 recentiore
1413 1656 1739 1723 expositione
1799 1655 1972 1723 quoad
2021 1655 2180 1707 festos
2228 1655 2342 1707 dies

432 1738 665 1789 sublatos
704 1739 763 1788 in
808 1737 1204 1789 Constitutione
1245 1736 1540 1806 Amantiss
1548 1735 1651 1788 imo:
1687 1734 2074 1809 Redemptoris
2098 1736 2344 1804 permitti

429 1821 597 1888 possit
620 1824 684 1871 ut
708 1820 961 1888 Episcopi
987 1824 1194 1872 servent
1218 1820 1330 1871 dies
1366 1820 1627 1872 indicatos
1651 1820 1710 1871 in
1735 1819 2011 1888 Rescripto
2044 1819 2113 1887 14
2136 1818 2346 1884 Martii,

436 1909 591 1962 1847.

574 1998 624 2046 3.
662 1995 747 2046 An
771 1998 1053 2046 teneantur
1077 1994 1402 2046 Missionarii
1429 1994 1676 2047 Rectores
1699 1995 1759 2045 in
1783 1994 1980 2064 Anglia
2002 1993 2227 2046 Missam
2249 2009 2346 2063 pro

429 2081 625 2149 populo
651 2081 933 2148 applicare.

573 2169 625 2216 4.
662 2166 746 2216 An
770 2168 1053 2216 teneantur
1077 2166 1173 2216 alii
1192 2165 1495 2218 Sacerdotes
1517 2166 1578 2218 in
1601 2165 1842 2234 qualibet
1864 2164 2119 2218 Missione
2139 2164 2238 2216 soli
2261 2163 2347 2216 vel

429 2252 591 2321 primi
615 2252 837 2302 Missam
862 2268 956 2318 pro
981 2251 1178 2318 populo
1203 2252 1485 2319 applicare.
1921 2250 1928 2257 ⁴

573 2337 603 2387 I
646 2337 833 2388 dubbii
877 2336 1153 2387 sun-iferiti
1197 2354 1321 2389 sono
1365 2338 1495 2388 stati
1539 2339 1966 2388 accuratamente
2008 2335 2247 2400 discussi,
2276 2334 2343 2387 ed
2377 2329 2379 2331 ’

435 2440 556 2474 ecco
581 2426 779 2489 quanto
804 2422 872 2473 ho
898 2439 929 2472 a
952 2422 1274 2489 risponderle
1299 2423 1382 2474 sui
1406 2423 1699 2475 medesimi.

574 2507 843 2576 Riguardo
887 2506 939 2556 al
977 2506 1149 2574 primo
1193 2524 1344 2575 posso
1387 2508 1522 2559 dirle
1565 2508 1660 2558 che
1684 2524 1792 2559 non
1817 2507 2033 2558 essendo
2056 2506 2108 2558 le
2132 2505 2346 2557 Diocesi

432 2593 481 2644 d'
507 2592 828 2662 Inghilterra
871 2593 1039 2643 divise
1081 2593 1141 2644 in
1179 2609 1349 2644 verce
1391 2595 1782 2661 propriamente
1822 2593 1972 2644 dette
2016 2590 2342 2654 Parrocchie‚

432 2677 454 2726 i
500 2675 614 2725 VV.
665 2675 762 2725 che
811 2675 942 2725 oltre
1009 2674 1524 2727 l’amministrazione
1572 2675 1815 2745 generale
1853 2675 1993 2726 della
2030 2673 2258 2737 Diocesi‚
2299 2673 2346 2724 si

433 2762 693 2811 riservano
718 2759 770 2808 la
795 2775 918 2809 cura
942 2759 999 2809 di
1023 2776 1098 2809 un
1141 2759 1363 2826 qualche
1406 2761 1672 2824 distretto,
1697 2777 1804 2811 non
1829 2775 1954 2811 sono
1979 2762 2149 2827 punto
2168 2757 2346 2808 tenuti

434 2846 529 2896 all'
555 2846 914 2913 applicazione
938 2846 1026 2913 pel
1062 2845 1253 2912 popolo
1278 2846 1336 2896 di
1373 2861 1482 2897 una
1522 2845 1744 2897 seconda
1781 2844 1972 2908 Messa,
1998 2844 2218 2896 sebbene
2259 2843 2345 2896 cio

435 2931 592 2981 abbia
617 2948 648 2980 a
673 2931 799 2981 dirsi
827 2929 1003 2981 decere
1030 2947 1090 2982 ew
1116 2928 1399 2983 charitate.

579 3016 646 3064 Al
695 3017 915 3066 secondo
965 3016 1162 3066 dubbio
1211 3016 1263 3066 13
1310 3017 1535 3084 risposta
1583 3017 1612 3069 ὲ
1655 3015 2003 3079 affermativa‚
2051 3014 2164 3066 cioe
2213 3014 2346 3065 deve
2411 3023 2434 3055 '-

437 3100 708 3150 osservarsi
733 3101 774 3150 il
807 3101 1068 3151 Rescritto
1093 3100 1180 3151 del
1209 3103 1275 3150 14
1298 3100 1496 3164 Marzo,
1524 3099 1680 3152 1847.
1755 3100 1876 3151 Una
1914 3100 2065 3169 legge
2107 3097 2346 3167 generale

436 3185 622 3234 infatti
663 3201 770 3235 non
811 3186 1002 3254 deroga
1043 3187 1153 3236 mai
1194 3186 1259 3236 ne
1299 3186 1401 3236 alle
1439 3186 1583 3256 leggi
1626 3185 1861 3253 speciali,
1884 3186 1951 3237 ne
1976 3202 2009 3235 a
2043 3182 2346 3252 particolari

439 3270 648 3332 statuti,
693 3287 746 3319 se
794 3270 1001 3320 almeno
1043 3272 1102 3320 in
1144 3271 1383 3339 generale
1430 3288 1538 3322 non
1585 3288 1654 3321 ne
1695 3270 1750 3321 fa
1787 3270 2081 3321 menzione.
2155 3267 2257 3320 Ora
2292 3267 2357 3318 la'
2412 3314 2415 3315 γ

440 3350 798 3402 Costituzione
836 3349 1251 3404 Amamtissvhni‘·
1279 3368 1387 3403 non
1426 3352 1534 3403 solo
1575 3368 1684 3403 non
1719 3352 1773 3403 fa
1796 3351 2068 3402 menzione
2093 3349 2151 3400 di
2175 3348 2261 3401 cio
2285 3347 2346 3399 in

438 3437 632 3470 veruna
675 3423 842 3489 guise,
868 3439 957 3471 ma
987 3427 1405 3488 ‚espressamente
1447 3423 1698 3486 dichiara‚
1723 3423 1819 3473 che
1844 3440 1896 3474 se
1938 3422 2127 3473 alcuno
2166 3438 2343 3474 avesse

439 3509 683 3556 ottenuto
722 3505 943 3572 qualche
986 3507 1212 3571 indulto,
1238 3511 1422 3574 questo
1463 3525 1557 3576 per
1579 3508 1633 3559 la
1657 3508 1808 3559 detta
1845 3505 2204 3559 Costituzione
2235 3523 2344 3559 non

439 3590 606 3641 debba
631 3590 920 3642 intendersi
945 3591 1235 3644 annullatO.
1434 3587 1438 3590 ’
2277 3587 2282 3590 ’

581 3675 660 3725 La
700 3676 924 3742 risposta
942 3753 947 3756 Ι
962 3676 1014 3726 31
1053 3679 1191 3728 terzo
1227 3677 1427 3729 dubbio
1450 3678 1478 3729 ὲ
1503 3677 1564 3728 N
1559 3663 1801 3745 eyativei
1836 3678 1946 3730 cioe
1971 3678 1992 3729 i
2017 3649 2342 3729 Missionarii

439 3757 647 3811 Rettori
689 3760 748 3810 in
790 3760 1108 3830 Inghilterra
1133 3778 1240 3814 non
1265 3779 1388 3814 sono
1413 3763 1625 3814 astretti
1649 3763 1718 3814 da
1741 3763 1931 3815 alcuna
1954 3763 2342 3839 propriamente
