2514 4504
974 440 1216 531 A-PPEND.
1263 490 1316 531 x.
1971 480 2092 538 309

339 641 372 666 ‘⁶
391 638 616 689 Statum
679 635 971 688 Generalia
1032 637 1437 690 Asaocbatio‘nie
1494 640 1594 691 aab
1647 640 1811 692 titulo
1864 643 2094 694 Sanctae

198 718 466 774 Caeciliae
524 721 601 773 acl
660 719 939 773 musicam
999 739 1220 774 sacram
1281 722 1348 774 in
1397 724 1678 777 universis
1743 725 2097 778 Germanicae

195 805 426 874 linyuae
450 805 612 859 terris
630 805 1073 876 promovendam
1097 806 1474 859 constitutae.'’

338 897 370 923 “
392 893 437 944 Ι.
487 894 777 944 Associatio
819 893 1019 960 gaudet
1062 893 1127 943 de
1153 894 1479 960 protectione
1507 896 1929 947 Eminentissimi
1978 897 2098 948 Car-

195 979 386 1030 dinalis
423 996 455 1029 a
493 979 835 1030 Sanctissimo
879 978 1037 1028 Patre
1076 978 1454 1046 benignissime
1498 983 1827 1045 nominandi,
1854 989 1908 1033 et
1940 985 2100 1050 respi-

195 1064 422 1115 cientiae
472 1064 736 1116 Ordinarii
778 1063 990 1114 illarum
1031 1063 1362 1114 Dioecesium
1406 1065 1464 1116 in
1501 1067 1693 1133 quibus
1733 1069 1931 1118 sodales
1957 1069 2101 1118 inve-

194 1149 431 1202 niuntur.
524 1149 898 1200 Associationis
947 1166 1125 1199 causas
1176 1150 1372 1217 diriget
1424 1151 1634 1202 Praeses
1686 1152 1974 1214 Generalis,
2013 1154 2099 1203 cui

195 1236 446 1286 assistunt
470 1236 732 1304 praesides
776 1235 1124 1303 singularium
1165 1235 1516 1288 Dioecesium.
1593 1238 1803 1289 Praeses
1830 1239 2101 1290 Generalis

192 1321 345 1388 juxta
393 1321 640 1389 specialia
685 1322 749 1371 de
792 1320 905 1387 ejus
955 1321 1210 1371 electione
1259 1326 1482 1385 statuta,
1532 1328 1587 1374 et
1636 1325 1845 1391 praevio
1895 1340 2100 1374 assensu

195 1407 618 1458 Eminentissimi
695 1407 1011 1458 Protectoris
1078 1408 1448 1459 constituetur.
1548 1409 1821 1461 Praeterea
1892 1410 2102 1461 Sodales

195 1493 402 1563 eligunt
444 1499 562 1544 octo
611 1493 748 1544 viros
788 1493 907 1561 jam
946 1493 1194 1561 probatae
1239 1494 1295 1543 in
1335 1499 1447 1545 arte
1490 1497 1692 1546 musica
1735 1497 1972 1564 peritiae,
2011 1495 2102 1562 qui

196 1580 472 1646 exquirant
515 1596 669 1647 opera
713 1578 989 1629 musicalia
1026 1579 1189 1648 digna
1214 1596 1350 1645 quae
1375 1581 1432 1630 in
1478 1581 1728 1632 Ecclesiis
1772 1581 1870 1631 Dei
1912 1582 2104 1648 produ-

196 1670 407 1725 cantur3
435 1666 527 1731 qui
543 1681 793 1715 numerus
808 1681 974 1731 usque
990 1665 1057 1714 ad
1078 1665 1272 1732 viginti
1291 1667 1472 1734 augeri
1493 1668 1841 1733 potest.—II.
1890 1667 1966 1717 Ut
1985 1666 2104 1716 finis

195 1750 572 1813 associationiS,
588 1767 781 1817 nempe
801 1751 1060 1800 musicam
1081 1767 1279 1800 sacram
1300 1755 1461 1818 atque
1487 1752 1795 1820 liturgicam
1818 1752 2101 1801 secundum

197 1836 442 1902 spiritum
468 1835 735 1886 Ecclesiae
761 1835 1243 1902 ecclesiasticasque
1270 1838 1565 1887 sanctiones
1584 1838 1915 1887 exactissime
1935 1837 2105 1887 obser-

196 1921 390 1971 vandas
410 1938 730 1988 promovere,
741 1921 1063 1983 obtineatur,
1074 1922 1408 1971 associationi
1426 1939 1577 1972 curae
1593 1923 1717 1973 erit:
1742 1922 1818 1972 Ut.
1839 1924 1889 1971 1⁰
1907 1921 2104 1972 Cantus

198 2005 566 2075 Gregorianus,
594 2007 700 2057 sive
737 2006 944 2073 planus,
970 2006 1167 2073 ubique
1202 2006 1487 2068 excolatur,
1515 2011 1802 2074 cantusque
1830 2007 2103 2075 figuratus,

196 2090 542 2159 polyphonus,
579 2095 839 2158 quatenus
877 2090 1084 2159 legibus
1127 2090 1494 2141 ecclesiasticis
1533 2092 1813 2142 conformis
1856 2099 1952 2154 est,
1997 2094 2104 2143 sive

197 2177 605 2245 compositiones
625 2178 896 2244 pertinent
915 2177 982 2227 ad
1002 2180 1237 2227 aetatem
1258 2177 1599 2227 vetustiorem
1621 2178 1729 2227 sive
1748 2178 2104 2240 recentiorem,

196 2267 530 2331 propagetur.
606 2259 661 2311 2Ο
712 2261 1021 2313 Cantilenae
1047 2278 1219 2312 sacrae
1245 2279 1276 2312 a
1302 2262 1499 2329 populo
1525 2262 1582 2311 in
1608 2263 1922 2329 quibusdam
1949 2263 2104 2314 devo·

197 2348 433 2399 tionibus
459 2348 728 2398 decantari
756 2347 940 2398 solitae
967 2351 1185 2398 eatenus
1210 2347 1521 2410 tolerantur,
1547 2354 1810 2417 quatenus
1846 2366 1931 2398 eas
1963 2348 2104 2417 leges

197 2434 477 2484 canonicae
513 2434 854 2500 permittunt.
932 2430 985 2481 3Ο
1023 2432 1189 2499 Leges
1214 2432 1614 2496 ecclesiasticae,
1643 2434 1815 2500 quoad
1851 2434 2104 2484 adhiben-

199 2519 328 2570 dum
353 2534 609 2587 organum
636 2522 912 2583 ceteraque
938 2516 1207 2567 toleranda
1239 2518 1594 2568 instrumenta
1620 2519 1838 2581 musica,
1864 2524 2104 2570 accurate

198 2604 623 2655 observabuntur.
697 2603 754 2652 40
804 2602 1076 2663 Quatenus
1102 2603 1160 2653 in
1185 2603 1503 2671 quibusdam
1530 2603 1775 2666 ecclesiiS,
1801 2605 2103 2670 praesertim

197 2689 486 2740 minoribus
505 2705 567 2739 ac
585 2687 858 2750 ruralibUS,
875 2705 982 2739 non
1002 2689 1187 2738 statim
1207 2706 1338 2755 quae
1358 2689 1502 2739 dicta
1522 2694 1646 2740 sunt
1665 2690 1721 2739 in
1741 2706 1894 2739 usum
1915 2689 2103 2740 deduci

197 2779 434 2843 possunt,
449 2775 695 2826 omnibus
715 2774 902 2825 saltem
919 2775 1118 2825 viribus
1135 2775 1444 2825 enitendum
1465 2780 1546 2825 est
1561 2779 1621 2825 ut
1638 2775 1840 2825 musica
1857 2775 2103 2843 liturgica

196 2860 456 2927 paulatim
482 2861 539 2910 in
564 2860 836 2911 meliorem
857 2864 1059 2910 statum
1077 2860 1561 2911 reducatur.—III.
1602 2860 1812 2911 Praeses
1833 2860 2102 2912 Generalis

198 2946 634 2997 Eminentissimo
663 2944 929 2996 Cardinali
959 2945 1255 2996 Protectori
1282 2946 1505 3014 singulis
1531 2947 1683 2996 annis
1709 2948 1965 2997 rationem
1990 2948 2103 2997 red-

196 3031 286 3082 det
310 3032 374 3082 de
398 3032 532 3082 actis
558 3036 612 3082 et
637 3031 958 3098 profectibus
983 3030 1378 3094 Associationis,
1399 3036 1455 3082 et
1475 3031 1639 3082 simili
1664 3032 1820 3082 modo
1844 3033 2101 3099 praesides

196 3117 523 3169 Dioecesium
548 3117 1002 3168 Reverendissimo
1029 3116 1349 3168 Ordinari0.’'

337 3203 371 3255 J
374 3221 462 3254 am
485 3221 606 3255 vero
631 3220 753 3254 cum
778 3202 1057 3254 memorati
1083 3203 1369 3254 Antistites
1395 3203 1454 3253 in
1479 3203 1614 3254 hanc
1637 3203 1832 3254 Urbem
1854 3203 2098 3254 Nostram

196 3290 478 3341 novissime
514 3290 879 3340 convenissent
919 3289 987 3339 ad
1025 3287 1432 3340 Oecumenicam
1472 3288 1742 3356 Synodum
1769 3288 2099 3350 Vaticanam,

196 3391 386 3444 magno
411 3392 443 3425 a
466 3374 632 3425 Nobis
657 3392 808 3442 opere
833 3372 1145 3443 flagitarunt
1169 3378 1233 3424 ut
1258 3375 1631 3440 suprascriptas
1658 3373 1839 3441 LegeS‚
1859 3374 2101 3423 Auctori-

196 3463 307 3511 tate
331 3459 523 3511 Nostra
547 3459 866 3526 Apostolica,
892 3458 1262 3510 corfirmemus.
1340 3457 1438 3510 Cui
1477 3459 1728 3525 petitioni
1767 3458 1875 3509 Nos
1916 3458 2099 3508 luben-

197 3545 399 3596 tissime
459 3549 770 3606 annuenteS,
831 3547 1034 3594 mature
1083 3561 1194 3594 rem
1256 3543 1762 3594 communicavimus
1813 3560 1931 3591 cum
1986 3543 2097 3592 VV.

197 3629 467 3681 Fratribus
506 3629 627 3680 NN.
668 3628 721 3680 S.
756 3629 819 3679 R.
853 3629 914 3678 E.
956 3627 1318 3679 Cardinalibus
1364 3627 1795 3695 Congregationis
1843 3628 2097 3693 legitimis

198 3714 456 3767 Ecclesiae
506 3715 718 3766 Ritibus
769 3715 1140 3783 cognoscendis
1191 3714 1534 3780 praepositae,
1579 3714 1744 3779 deque
1796 3714 2095 3763 eorumdem
