2514 4504
475 392 557 473 68
1056 419 1215 463 eorm.
1259 420 1432 462 PRov.
1478 412 1699 462 wss'rM.
1749 413 1788 463 i.

470 568 729 635 quaedam
765 568 1005 636 pluribus
1040 568 1358 618 dioecesibus
1397 570 1699 619 communia
1725 570 2070 637 reperiantur,
2095 571 2153 622 in
2177 571 2368 639 quibus

469 653 645 704 clerici
695 653 813 704 aliis
851 653 1125 721 Episcopis
1168 653 1278 721 subj
1287 655 1391 704 ecti
1440 653 1815 705 instituuntur.
1890 654 2139 706 Precibus
2187 657 2369 724 itaque

468 740 748 807 propositis
781 740 838 789 in
880 739 1112 808 generali
1137 743 1401 790 conventu
1425 739 1610 790 habito
1641 739 1728 790 die
1754 742 1785 791 5
1811 739 2026 807 Aprilis,
2057 741 2183 792 anni
2213 743 2369 804 1852,

470 825 891 875 Eminentissimi
928 825 1109 876 Patres
1159 825 1499 876 annuendum
1539 828 1873 888 censuerunt,
1916 829 1982 876 ut
2023 825 2275 894 Episcopi
2310 827 2369 878 in

469 910 548 977 cuj
556 927 617 960 us
666 909 986 980 dioecesibus
1036 910 1315 962 seminaria
1374 910 1463 977 huj
1471 910 1680 962 usmodi
1739 911 2033 962 constituta
2092 911 2368 976 habentur,

467 1001 756 1047 memorata
817 996 1072 1048 facultate
1122 997 1296 1048 favore
1343 998 1508 1047 etiam
1567 1013 1674 1047 non
1736 997 2069 1049 subditorum
2130 1002 2367 1063 utantur,

469 1081 676 1149 praevio
701 1085 883 1132 tamen
908 1099 1162 1134 consensu
1184 1082 1463 1150 respectivi
1498 1081 1778 1134 Ordinarii.
2347 1083 2353 1087 ’

610 1166 764 1216 Hanc
788 1183 910 1217 vero
936 1166 990 1218 S.
1019 1166 1453 1237 Congregationis
1492 1167 1812 1219 sententiam
1838 1166 2184 1221 Sanctissimo
2206 1167 2274 1221 D.
2297 1169 2367 1221 N.

468 1250 567 1302 Pio
611 1251 787 1318 Papae
836 1251 920 1301 IX
968 1252 1036 1303 ab
1084 1253 1415 1320 infrascripto
1465 1251 1519 1303 S.
1571 1250 1628 1304 C.
1680 1253 1956 1305 secretario
2002 1254 2244 1319 relatam,
2305 1254 2366 1306 in

468 1335 744 1386 audientia
769 1336 877 1387 diei
905 1336 936 1388 6
961 1337 1005 1405 ej
1012 1337 1196 1388 usdem
1221 1338 1414 1389 mensis
1451 1340 1508 1389 et
1543 1338 1687 1400 anni,
1715 1337 1982 1390 Sanctitas
2008 1338 2116 1391 Sua
2139 1339 2368 1409 benigne

467 1421 727 1489 probavit,
751 1425 911 1489 atque
944 1438 1006 1473 ea
1028 1423 1233 1474 ratione
1265 1423 1516 1491 porrectis
1552 1423 1794 1491 precibus
1829 1424 2071 1489 indulsit,
2095 1425 2368 1477 contrariis

469 1506 866 1574 quibuscunque
889 1523 997 1558 non
1021 1508 1369 1560 obstantibus.

612 1591 831 1657 Datum,
854 1596 976 1658 etc„
1000 1594 1067 1644 21
1095 1593 1310 1662 Aprilis,
1341 1595 1495 1646 1852.

1502 1686 1586 1738 Al.
1626 1686 1906 1752 ΒΑΒΝΔΒὸ,
1930 1686 2292 1743 Secretwius.

1339 2091 1490 2143 XVI.

611 2287 711 2339 DE
760 2285 1259 2340 ORDINATIONE
1309 2285 1404 2336 AD
1457 2285 1794 2337 TITULUM
1842 2285 2231 2342 MISSIONIS.

975 2432 1096 2471 DEO.
1134 2431 1176 2471 S.
1217 2430 1378 2469 OONG.
1416 2429 1491 2467 DE
1527 2430 1680 2468 PROP.
1718 2430 1865 2468 FIDE.

614 2593 1078 2646 Eminentissimus
1094 2608 1154 2641 ac
1174 2589 1654 2641 Reverendissimus
1673 2588 1931 2641 Dominus
1948 2589 2002 2641 S.
2019 2590 2083 2641 R.
2095 2590 2159 2642 E.
2177 2588 2356 2642 Cardi-

469 2680 607 2733 nalis
666 2679 913 2730 Nicolaus
972 2677 1258 2739 Wiseman,
1302 2673 1734 2740 Archiepiscopus
1777 2674 2364 2738 West-monastcriensiS,

473 2770 529 2818 et
552 2764 666 2815 RR.
684 2764 792 2815 ΡΡ.
809 2763 923 2813 DD.
945 2761 1196 2829 Episcopi
1211 2759 1435 2828 Angliae
1460 2758 1823 2809 adnotandum
1848 2759 2130 2823 duxerunt,
2154 2763 2362 2811 attento

473 2867 685 2902 suarum
734 2847 1086 2898 Ecclesiarum
1136 2849 1307 2907 statu,
1346 2844 1489 2894 haud
1538 2843 1694 2893 facile
1745 2842 1957 2895 clericos
2017 2844 2086 2895 ad
2143 2844 2364 2913 majores

472 2936 677 2988 ordines
699 2951 791 3002 per
814 2932 1001 2983 titulos
1024 2931 1220 2998 passim
1256 2933 1488 2996 receptos
1513 2929 1804 2995 promoveri
1828 2945 1975 2996 posse
1996 2947 2009 2979 t
2045 2929 2364 2997 proindeque

472 3016 807 3086 postularunt
863 3018 928 3065 ut
986 3031 1079 3081 pro
1138 3013 1367 3080 quodam
1426 3029 1645 3062 numero
1706 3029 1921 3063 casuum
1981 3013 2204 3064 facultas
2265 3014 2365 3064 sibi

473 3102 790 3154 tribueretur
853 3099 1129 3150 ordinandi
1185 3098 1252 3147 ad
1305 3097 1531 3147 titulum
1584 3097 1866 3149 missionis·
1963 3097 2168 3149 Relatis
2223 3098 2366 3150 hisce

472 3186 711 3256 precibus
736 3186 794 3235 in
819 3183 1048 3254 generali
1075 3186 1337 3233 conventu
1371 3182 1423 3233 S.
1466 3182 1521 3233 C.
1559 3182 1743 3233 habito
1781 3183 1866 3232 die
1901 3183 1933 3233 5
1960 3182 2173 3250 Aprilis,
2203 3183 2360 3246 1852,

474 3269 895 3322 Eminentissimi
928 3268 1034 3318 ΡΡ.
1064 3271 1391 3329 censuerunt,
1427 3268 1470 3317 si
1505 3266 1846 3318 Sanctissimo
1883 3267 2159 3334 placuerit,
2196 3268 2365 3319 tribu-

474 3357 663 3409 endam
704 3371 813 3405 esse
850 3352 1160 3403 facultatem
1196 3351 1355 3418 juxta
1396 3355 1630 3402 tenorem
1673 3352 2017 3402 concessionis
2055 3369 2189 3419 quae
2227 3369 2365 3404 anno

477 3440 610 3493 1741
664 3439 951 3490 Hiberniae
987 3437 1260 3504 Episcopis
1309 3437 1450 3486 facta
1499 3441 1596 3502 est,
1633 3454 1824 3504 nempe
1872 3441 1935 3487 ut
1972 3436 2246 3505 Episcopi*
2272 3438 2387 3505 qui*

472 3525 710 3594 Anglicis
735 3522 982 3573 Ecclesiis
1007 3525 1272 3590 praesunt,
1293 3521 1504 3571 clericos
1531 3539 1742 3571 suarum
1766 3523 2054 3588 respective
2069 3522 2363 3573 dioecesum

472 3612 541 3663 ad
579 3609 801 3661 titulum
845 3607 1107 3658 missionis
1149 3623 1314 3673 usque
1348 3606 1416 3656 ad
1450 3622 1731 3656 numerum
1757 3607 2035 3658 duodecim
2065 3624 2365 3674 promovere

472 3696 690 3765 possint,
709 3693 961 3762 praestito
980 3697 1159 3743 tamen
1184 3692 1327 3759 prius
1351 3691 1418 3741 ab
1436 3691 1563 3758 ipsis
1581 3691 1881 3742 ordinandis
1898 3691 2204 3758 juramento
2222 3710 2362 3744 exer·-
