2514 4504
403 399 526 458 270
958 415 1120 460 eoNc.
1170 415 1334 458 PRov.
1381 414 1603 458 wmer.
1653 415 1730 458 IV.

539 559 720 610 XVII.
760 558 962 610 Saltem
987 558 1119 610 bene
1145 558 1459 625 sperandum
1484 562 1563 608 est
1597 558 1663 608 de
1699 562 1908 609 aeterna
1945 558 2156 610 illorum
2193 575 2306 610 om-

396 642 549 693 nium
574 643 761 706 salute,
786 643 879 710 qui
905 644 964 692 in
989 659 1110 694 vera
1136 641 1332 694 Christi
1359 642 1595 693 Ecclesia
1620 659 1955 711 nequaquam
1980 647 2267 696 versantur.

654 733 785 773 Alloc.
810 734 1017 784 Sirvqulari
1036 734 1203 783 quadam
1222 735 1246 773 9
1266 732 1524 783 DecembriS,
1556 734 1667 772 1854.

655 799 789 851 Epist.
808 799 968 851 encycl.
995 799 1148 845 Quanto
1162 801 1413 848 conficiamur
1434 799 1481 841 17
1501 797 1704 850 Augusti,
1731 800 1847 839 1863.

539 896 751 946 XVIII.
788 896 1256 947 Protestantismus
1292 912 1398 947 non
1435 896 1583 946 aliud
1618 901 1698 947 est
1731 913 1891 964 quam
1925 897 2127 949 diversa
2158 915 2307 950 verae

398 981 634 1048 ejusdem
660 981 974 1031 christianae
998 981 1269 1049 religionis
1294 981 1478 1040 forma,
1504 981 1562 1031 in
1586 997 1690 1048 qua
1715 997 1879 1048 aeque
1902 998 1964 1032 ac
1987 983 2047 1033 in
2072 983 2307 1035 Ecclesia

398 1066 659 1117 catholica
683 1066 794 1116 Deo
820 1067 1024 1133 placere
1051 1067 1238 1116 datum
1264 1070 1360 1117 est.

653 1156 790 1208 Epist.
812 1156 971 1208 encycl.
991 1157 1167 1197 Noscitis
1185 1161 1223 1195 ct
1240 1156 1451 1197 Nobiscum
1471 1158 1495 1195 8
1515 1155 1773 1207 Decembris,
1801 1158 1917 1197 1849.

1279 1328 1303 1389 ἓ
1329 1328 1422 1378 IV.

398 1454 782 1520 Sodali-smne,
829 1454 1307 1517 Communis‘muS,
1351 1452 1641 1506 Societatce
1686 1452 2093 1522 Glandestinae,
2133 1455 2310 1510 Socie-

720 1545 854 1592 tates
879 1539 1139 1604 Biblioaa
1165 1538 1457 1594 Societates
1487 1537 1982 1592 Clariae-liberales,

542 1670 820 1738 Ejusmodi
860 1674 1033 1737 pestes
1076 1685 1230 1735 saepe
1271 1667 1700 1736 gravissimisque
1742 1669 2017 1719 verborum
2065 1669 2305 1721 formulis

396 1756 736 1824 reprobantur
772 1756 831 1805 in
868 1754 1041 1821 Epist.
1082 1752 1279 1820 encycl.
1314 1749 1428 1816 Qui
1444 1750 1717 1820 pluribuc
1743 1755 1775 1804 9
1802 1753 2104 1818 Novembr.,
2135 1756 2305 1815 1846;

397 1844 454 1891 in
478 1841 645 1890 Alloc.
675 1837 890 1902 Quibus
916 1835 1252 1906 quantisque
1277 1839 1348 1887 20
1371 1837 1556 1904 April„
1587 1839 1757 1899 1849;
1803 1839 1859 1888 in
1899 1838 2072 1906 Epist.
2106 1841 2306 1908 encycl.

396 1922 635 1976 Noscitis
671 1927 718 1974 ct
755 1920 1056 1974 Nobiscum
1091 1924 1123 1972 8
1162 1921 1308 1984 Dec„
1349 1923 1519 1982 18493
1567 1923 1625 1972 in
1644 1922 1810 1973 Alloc.
1833 1921 2138 1990 Sinyulari
2162 1941 2301 1992 qua·
2373 1955 2376 1957 -

400 2009 534 2061 dam
586 2012 616 2060 9
650 2009 796 2071 Dec„
852 2009 1023 2059 1854:
1084 2007 1143 2057 in
1199 2006 1372 2073 Epist.
1424 2006 1622 2074 encycl.
1676 2005 1898 2071 Quanto
1946 2007 2311 2075 oonfioiwmur

398 2111 637 2146 moerore
667 2095 731 2146 10
758 2093 1007 2161 Augusti,
1038 2092 1192 2143 1863.

1296 2243 1321 2305 g
1344 2242 1411 2295 V.

799 2370 1029 2422 Error-es
1053 2367 1119 2421 de
1142 2367 1380 2421 Ecclesia
1414 2368 1638 2438 ejusque
1651 2367 1902 2437 juribus.

540 2499 697 2549 XIX.
738 2497 973 2547 Ecclesia
1021 2511 1128 2546 non
1176 2499 1256 2547 est
1305 2512 1424 2546 vera
1479 2495 1813 2563 perfectaque
1873 2496 2094 2548 societas
2151 2497 2310 2565 plane

398 2585 579 2646 libera,
621 2599 717 2632 nec
759 2581 926 2648 pollet
972 2581 1078 2631 suis
1120 2579 1344 2646 propriis
1389 2583 1444 2630 et
1487 2579 1850 2630 constantibus
1883 2579 2092 2647 juribus
2134 2581 2234 2631 sibi
2275 2597 2309 2632 a

398 2669 580 2720 divino
620 2684 711 2718 suo
744 2666 1020 2717 fundatore
1057 2664 1279 2727 collatis,
1317 2664 1408 2715 sed
1444 2664 1616 2715 civilis
1654 2665 1936 2731 potestatis
1973 2669 2053 2715 est
2090 2665 2309 2716 definire

398 2771 532 2821 quae
581 2753 689 2803 sint
737 2751 1003 2802 Ecclesiae
1042 2750 1167 2817 jura
1214 2766 1276 2799 ac
1324 2749 1543 2811 limites,
1590 2749 1733 2800 intra
1781 2765 1911 2816 quos
1959 2750 2144 2802 eadem
2183 2751 2308 2826 jura

399 2856 629 2892 exercere
654 2843 832 2907 queat.

653 2929 790 2969 Alloc.
814 2929 1022 2979 Simqulari
1040 2929 1206 2978 quadam
1227 2929 1251 2966 9
1270 2926 1530 2977 Decembris,
1555 2928 1674 2967 1854.

653 2995 789 3035 Alloc.
810 2996 958 3034 Multis
973 2994 1232 3045 qravibusque
1254 2994 1302 3036 17
1321 2992 1580 3044 Decembris,
1603 2995 1720 3034 1860.

655 3062 790 3102 Alloc.
813 3062 996 3101 Maxima
1013 3061 1168 3111 quidem
1188 3062 1211 3099 9
1230 3059 1368 3109 Junii,
1394 3061 1511 3099 1862.

538 3159 663 3209 ΧΧ.
701 3157 1069 3208 Ecclesiastica
1093 3158 1324 3222 potestas
1349 3171 1499 3205 suam
1523 3156 1897 3208 auctoritatem
1931 3173 2164 3209 exercere
2195 3174 2303 3209 non

398 3246 555 3297 debet
579 3244 773 3311 absque
799 3242 970 3292 civilis
995 3241 1236 3310 gubernii
1262 3240 1416 3290 venia
1441 3243 1497 3290 et
1521 3246 1749 3292 assenSu.

652 3333 785 3372 Alloc.
811 3331 995 3370 Meminit
1014 3331 1275 3382 unusquisque
1296 3331 1346 3369 30
1365 3328 1636 3381 Septembris,
1663 3332 1780 3370 1861.

540 3429 694 3480 XXI.
734 3427 969 3478 Ecclesia
993 3442 1100 3477 non
1124 3425 1287 3477 habet
1316 3428 1638 3492 potestatem
1669 3425 1970 3494 dogmatice
1999 3426 2304 3492 definiendi,

395 3516 703 3584 religionem
729 3512 1016 3563 catholicae
1043 3510 1312 3561 Ecclesiae
1335 3527 1442 3561 esse
1466 3511 1619 3560 unice
1644 3527 1822 3561 veram
1847 3511 2175 3580 religionem.

655 3599 761 3639 Litt.
785 3600 932 3652 Apost.
958 3598 1204 3648 Multiplices
1218 3598 1323 3637 inter
1344 3598 1392 3637 10
1415 3595 1552 3646 Junii,
1581 3598 1694 3637 1851.
