2514 4504
634 450 874 493 APPEND.
920 453 981 493 11.
1071 453 1352 497 sumnus
1397 456 1690 498 ERRORUM.
1986 442 2101 502 265

1122 759 1209 823 II.

899 921 1423 988 SYLLABUS,

365 1054 752 1096 COMPLEOTENS
789 1056 1130 1097 PRAEOIPUOS
1166 1057 1411 1097 NOSTRAE
1447 1059 1675 1100 AETATIS
1711 1063 1953 1102 ERRORES

279 1145 379 1195 QUI
427 1144 725 1185 NOTANTUR
774 1147 835 1186 IN
883 1146 1357 1187 ALLOCUTIONIBUS
1407 1150 1938 1203 CONSISTORIALIBUS,
1980 1154 2037 1192 IN

349 1238 685 1289 ENCYCLIOIS,
709 1238 969 1287 ALIISQUE
992 1238 1337 1279 APOSTOLICIS
1361 1241 1607 1281 LITTERIS
1630 1243 1969 1283 SANCTISSIMI

741 1331 948 1372 DOMINI
973 1333 1168 1373 NOSTRI
1192 1334 1271 1372 PII
1296 1334 1470 1373 PAPAE
1494 1335 1574 1373 IX.

1105 1539 1215 1606 §L

252 1646 672 1714 Pasntheismus‚
708 1647 1137 1703 Naturalismus
1177 1655 1224 1703 et
1260 1648 1718 1703 Rationalismus
1757 1651 2061 1705 absolutus.

343 1763 390 1816 Ι.
428 1763 657 1816 Nullum
694 1782 1015 1833 supremum,
1053 1767 1523 1834 sapientissimum,
1559 1769 2111 1835 providentissimum-

200 1865 305 1916 que
319 1848 532 1900 Numen
547 1850 792 1901 divinum
808 1851 1018 1902 exsistit
1033 1855 1101 1903 ab
1115 1851 1213 1903 hae
1228 1869 1401 1903 rerum
1417 1854 1762 1904 universitate
1779 1855 2111 1916 distinctum,

198 1936 254 1982 et
277 1932 421 1983 Deus
458 1933 603 1984 idem
642 1937 723 1983 est
761 1950 823 1984 ae
861 1951 1036 1985 rerum
1076 1939 1264 1985 natura
1308 1940 1363 1986 et
1401 1936 1595 1987 idcireo
1640 1937 2108 1988 immutationibus

199 2014 472 2077 obnoxiuS,
497 2014 744 2083 Deusque
769 2033 946 2083 reapse
986 2017 1050 2066 fit
1086 2018 1144 2067 in
1181 2016 1397 2068 homine
1421 2022 1476 2068 et
1501 2020 1719 2081 mundo,
1746 2026 1907 2086 atque
1934 2021 2110 2069 omnia

199 2099 339 2151 Deus
364 2105 489 2151 sunt
515 2105 570 2151 et
594 2101 914 2168 ipsissimam
940 2101 1040 2152 Dei
1066 2101 1262 2153 habent
1289 2103 1666 2164 substantiam3
1693 2121 1753 2153 ae
1773 2121 1879 2154 una
1901 2105 2109 2154 eadem-

198 2201 302 2253 que
337 2202 416 2236 res
452 2190 534 2237 est
570 2186 712 2237 Deus
738 2204 861 2237 cum
886 2188 1103 2249 munde,
1130 2192 1186 2238 et
1218 2189 1437 2255 proinde
1472 2190 1688 2256 spiritus
1724 2207 1846 2240 eum
1872 2191 2110 2246 materia,

197 2272 478 2322 necessitas
512 2288 636 2322 eum
673 2272 937 2336 libertate,
965 2290 1146 2324 verum
1172 2291 1296 2324 eum
1322 2274 1471 2337 falso,
1499 2276 1696 2325 bonum
1723 2293 1845 2326 eum
1872 2275 2029 2338 male,
2055 2282 2105 2325 et

195 2357 406 2426 justum
432 2375 555 2409 eum
580 2358 799 2426 injusto,

455 2448 593 2489 Alloc.
615 2450 800 2489 Maxima
818 2448 972 2500 quidem
992 2450 1016 2489 9
1036 2448 1176 2499 Junii,
1199 2451 1316 2489 1862.

342 2541 422 2595 ΙΙ.
458 2542 510 2593 N
513 2544 717 2613 eganda
741 2547 822 2595 est
847 2545 1020 2596 omnis
1045 2545 1145 2596 Dei
1171 2546 1313 2596 aetio
1338 2546 1397 2595 in
1424 2547 1662 2598 homines
1688 2552 1744 2598 et
1770 2548 2049 2599 mundum.

455 2633 594 2674 Alloe.
611 2635 795 2674 Maxima
814 2636 969 2686 quidem
989 2637 1014 2675 9
1033 2635 1172 2686 Junii,
1200 2639 1316 2676 1862.

345 2727 453 2779 ΙΙΙ.
504 2728 757 2780 Humana
805 2732 958 2793 ratio,
1008 2731 1156 2782 nullo
1205 2748 1411 2799 prorsus
1470 2733 1570 2783 Dei
1619 2738 1860 2801 respectu
1910 2734 2109 2795 habim,

201 2813 390 2864 unicus
413 2817 495 2864 est
520 2815 629 2866 veri
654 2818 711 2866 et
735 2815 873 2879 falsi,
899 2816 1026 2867 boni
1063 2821 1120 2868 et
1156 2818 1287 2868 mali
1327 2819 1540 2882 arbiter,
1567 2820 1670 2870 sibi
1692 2821 1796 2887 ipsi
1822 2826 1902 2871 est
1928 2821 2030 2883 leit,
2056 2826 2106 2871 et

201 2899 530 2950 naturalibus
580 2901 689 2951 suis
737 2901 937 2953 viribus
987 2902 1055 2953 ad
1104 2901 1383 2954 hominum
1434 2921 1493 2955 ac
1543 2905 1860 2973 populorum
1911 2906 2107 2957 bonum

202 2984 495 3035 curandum
521 2985 733 3037 sufficit.

460 3075 597 3117 Alloc.
618 3078 803 3117 Maxima
820 3079 975 3129 quidem
995 3081 1018 3118 9
1038 3078 1175 3130 Junii,
1202 3082 1319 3120 1862.

348 3171 443 3223 IV.
494 3171 688 3224 Omnes
723 3174 994 3244 religionis
1028 3176 1278 3227 veritates
1302 3195 1365 3227 ex
1390 3179 1574 3229 nativa
1599 3179 1859 3230 humanae
1892 3179 2110 3229 rationis

204 3256 260 3308 vi
293 3256 559 3318 derivant3
600 3258 725 3309 hinc
768 3260 903 3310 ratio
948 3264 1028 3311 est
1071 3261 1315 3329 princeps
1358 3279 1559 3325 norma,
1585 3282 1688 3330 qua
1732 3265 1888 3314 homo
1932 3264 2110 3330 cogni-

204 3343 406 3393 tionem
431 3345 672 3395 omnium
715 3345 1095 3415 cujuscumque
1137 3348 1343 3416 generis
1386 3350 1671 3400 veritatum
1717 3350 1921 3416 assequi
1948 3350 2109 3415 possit

205 3443 266 3478 ac
291 3428 495 3480 debeat.

462 3517 600 3570 Epist.
622 3517 783 3571 encyel.
811 3518 887 3565 Qui
901 3519 1087 3568 pluribus
1107 3521 1131 3559 9
1150 3519 1418 3571 Novembris,
1447 3523 1562 3561 1846.

463 3584 602 3636 Epist.
625 3585 786 3637 encycl.
811 3586 1019 3637 Sinqulari
1039 3589 1192 3637 quidem
1217 3588 1263 3630 17
1284 3587 1443 3636 Martii,
1472 3590 1584 3628 1856.

465 3651 600 3692 Alloc.
623 3653 806 3691 Maxima
826 3653 978 3702 quidem
998 3654 1021 3691 9
1042 3652 1177 3703 Junii,
1204 3655 1321 3694 1862.
