2514 4504
942 506 1188 549 APPEND.
1240 506 1331 548 xx.
1960 492 2078 551 341

184 658 400 723 tamque
439 656 747 706 inveteratis
786 654 940 705 malis
979 656 1197 705 recreari
1236 655 1528 723 aliquando
1553 661 1671 707 tum
1705 656 1938 707 Ecclesia
1968 664 2086 707 tum

184 739 415 790 humana
464 740 683 790 societas
732 740 913 807 possit.
988 739 1133 799 Quae
1182 744 1246 789 ut
1293 739 1457 790 Nobis
1506 757 1570 791 ex
1619 742 1756 791 votis
1806 742 2087 791 succedant

183 824 589 891 deprecatricem
614 825 755 892 apud
782 824 1254 875 clementissimum
1288 823 1463 875 Deum
1488 826 1829 875 adhibeamus
1857 826 2087 875 Sanctis-

183 910 373 960 simam
401 909 676 977 Virginem
702 909 802 960 Dei
820 908 986 976 ipsius
1004 913 1228 958 matrem
1247 908 1315 958 ab
1338 909 1538 977 origine
1563 909 1979 970 immaculatam,
2000 910 2085 958 cui

181 994 368 1045 datum
394 998 474 1044 est
499 993 763 1045 Ecclesiae
795 994 986 1056 hosteS,
1011 997 1169 1060 atque
1203 1009 1432 1043 errorum
1467 998 1699 1044 monstra
1730 994 2084 1061 confringere3

180 1096 277 1130 nec
315 1095 422 1130 non
459 1080 817 1147 patrocinium
854 1078 1194 1146 imploremus
1228 1078 1512 1129 Beatorum
1545 1079 1915 1146 Apostolorum
1942 1079 2085 1129 Petri

179 1168 236 1216 et
259 1164 433 1228 Pauli,
458 1182 682 1233 quorum
706 1165 932 1234 glorioso
957 1182 1134 1216 cruore
1158 1164 1316 1216 Alma
1348 1164 1477 1215 haec
1504 1163 1639 1215 Urbs
1665 1169 1962 1215 consecrata
1988 1168 2083 1215 est.

181 1250 387 1301 Horum
424 1267 523 1318 ope
559 1257 720 1318 atque
757 1250 972 1314 auxili0,
1015 1250 1157 1318 quod
1192 1266 1225 1301 a
1261 1250 1444 1302 divina
1479 1249 1720 1302 bonitate
1761 1247 2086 1318 flagitamus,

180 1335 389 1388 facilius
411 1334 522 1388 Nos
545 1339 869 1389 assecuturos
892 1334 1225 1388 confidimus.

1054 1887 1205 1948 XX.

572 2070 674 2123 DE
723 2069 1120 2123 SOGIETATE
1170 2072 1318 2122 FEN
1322 2072 1451 2123 IAN
1455 2072 1684 2125 ORUM.

807 2218 1107 2258 DEORETUM
1145 2218 1188 2257 S.
1227 2219 1407 2259 OFFICI
1410 2219 1448 2259 Ι.

315 2358 482 2412 Faria
505 2358 544 2411 Ι
549 2358 628 2424 V.‚
654 2357 745 2411 die
770 2360 842 2412 12
864 2359 1167 2425 Januarii,
1191 2361 1564 2415 1870.—Cum
1589 2363 1896 2417 dubitatum
1921 2367 2084 2419 fuerit

172 2464 206 2498 a
252 2446 538 2510 nonnullis,
581 2463 650 2497 an
699 2445 934 2498 Societas
985 2446 1340 2499 Fenianorum
1389 2450 1763 2518 comprehensa
1811 2459 2084 2503 censeatur

172 2532 313 2583 inter
349 2531 641 2584 Societates
677 2532 954 2584 damnatas
978 2533 1036 2584 in
1061 2532 1361 2585 Pontificiis
1393 2532 1895 2600 ConstitutionibuS‚
1923 2537 2084 2589 Sanc-

172 2618 409 2669 tissimus
444 2617 706 2669 Dominus
744 2617 936 2670 Noster
978 2618 1108 2670 Pius
1150 2619 1347 2671 Divina
1391 2621 1732 2673 Providentia
1775 2622 1921 2691 Papa
1964 2623 2083 2688 IX„

174 2704 434 2772 exquisito
488 2704 634 2772 prius
695 2703 942 2773 suffragio
1004 2704 1558 2758 Eminentissimorum
1619 2706 1840 2758 Patrum
1904 2707 2084 2759 Cardi-

171 2791 378 2843 nalium
425 2793 607 2842 contra
654 2788 973 2840 haereticam
1027 2789 1348 2856 pravitatem
1398 2791 1456 2841 in
1504 2792 1746 2843 universa
1797 2792 2083 2845 christiana

169 2877 438 2946 republica
487 2876 871 2944 Inquisitorum
932 2875 1290 2940 Generalium,
1338 2893 1407 2928 ne
1467 2877 1727 2941 fidelium,
1776 2882 2079 2946 praesertim

172 2963 515 3031 simplicium,
539 2962 694 3013 corda
718 2979 842 3012 cum
866 2962 1103 3012 evidenti
1128 2962 1339 3013 animae
1364 2963 1667 3014 discrimine
1697 2970 2077 3030 pervertantur,

171 3048 446 3119 inhaerens
470 3047 707 3099 Decretis
731 3047 862 3097 alias
892 3064 923 3097 a
955 3045 1007 3099 S.
1036 3045 1455 3117 Congregatione
1490 3048 1814 3100 Universalis
1849 3050 2083 3116 Inquisi-

173 3135 336 3186 tionis
385 3134 445 3184 in
493 3133 756 3184 similibus
801 3132 978 3195 editis,
1018 3133 1325 3199 praesertim
1368 3133 1589 3184 Decreto
1632 3134 1724 3185 fer.
1765 3134 1878 3198 IV.‚
1919 3135 2005 3185 die
2049 3136 2079 3186 5

171 3219 209 3272 J
211 3220 325 3287 ulii,
354 3219 511 3282 1865,
535 3218 769 3269 decrevit
804 3234 865 3268 ac
902 3217 1191 3268 declaravit
1224 3217 1546 3269 Societatem
1583 3218 1950 3270 Americanam
1991 3238 2081 3270 seu

173 3304 518 3356 Hibernicam
554 3302 911 3354 Fenianorum
950 3302 1274 3369 appellatam
1316 3303 1687 3370 comprehendi
1731 3304 1868 3353 inter
1907 3303 2083 3354 Socie-

171 3393 310 3441 tates
335 3388 528 3440 vetitas
553 3392 609 3438 et
633 3388 910 3438 damnatas
934 3387 993 3437 in
1019 3386 1501 3437 Constitutionibus
1528 3387 1864 3438 Summorum
1896 3388 2083 3437 Ponti-

171 3474 351 3538 ficum,
368 3478 423 3525 et
447 3473 757 3541 praesertim
781 3473 839 3522 in
863 3472 1163 3538 nuperrima
1187 3473 1421 3539 ejusdem
1448 3472 1762 3523 Sanctitatis
1783 3472 1919 3522 Suae
1938 3473 2081 3522 edita

170 3561 358 3624 quarto
394 3556 513 3606 idus
550 3554 790 3606 Octobris
834 3555 987 3616 1869,
1028 3553 1190 3620 incip.
1230 3552 1577 3621 Apostolicae
1615 3552 1794 3616 Sedis,
1833 3571 1954 3620 qua,
1986 3554 2082 3602 sub

170 3657 316 3693 num.
354 3643 408 3703 4,
444 3639 979 3691 excommunicationi
1024 3636 1167 3689 latae
1209 3637 1510 3690 sententiae
1549 3638 1786 3689 Romano
1829 3638 2079 3688 Pontifici

173 3730 459 3780 reservatae
504 3726 717 3778 obnoxii
761 3724 1091 3776 declarantur
1133 3728 1166 3754 ‘⁶
1183 3723 1391 3774 Nomen
1432 3724 1614 3774 dantes
1659 3728 1827 3774 sectae
1872 3721 2080 3773 Masso-
