2514 4504
417 362 539 423 366
1194 386 1431 430 ADm'rIo
1480 388 1539 428 11.

1329 695 1418 757 ΙΙ.

425 870 489 903 DE
565 870 923 904 sumsmcnomz
1002 870 1326 905 EPISGOPOBUM
1407 872 1560 908 QUOAD
1657 872 1902 908 mansus
1991 875 2313 913 PARocmAus

560 956 889 1003 REGUOEARIUM,
944 957 1003 990 ET
1052 958 1288 991 PERSONAS
1337 958 1499 991 cvm
1549 959 1814 992 ANIMARUM
1866 961 2171 995 smmuomm

906 1042 1240 1076 SAEGULARIUM
1286 1044 1344 1077 IN
1397 1044 1474 1077 1⁴:18
1518 1044 1833 1078 EXEBGENTES.

821 1301 1383 1364 BENEDIOTUS
1443 1302 1919 1367 EPISOOPUS

701 1461 1101 1515 SERVUS
1202 1462 1774 1517 SERVORUM
1869 1465 2047 1518 DEI

894 1607 973 1648 AD
1007 1608 1344 1648 PERPETUAM
1378 1609 1474 1648 REI
1509 1609 1831 1649 ΜἙΜΟΒΙΑΜ.

557 1733 606 1785 1.
655 1731 976 1795 FirmandiS,
1019 1735 1182 1799 atque
1240 1732 1528 1783 asserendis
1577 1732 1962 1785 ecclesiasticae
2009 1734 2322 1804 disciplinae

410 1818 605 1888 regulis
630 1818 861 1869 studiose
903 1818 1106 1868 intenti
1130 1817 1543 1885 praedecessores
1567 1818 1736 1869 nostri
1762 1818 1993 1870 Romani
2017 1820 2322 1888 Pontifices,

411 1907 809 1967 consueverunt,
851 1902 1204 1971 peculiaribus
1242 1919 1416 1952 rerum
1459 1906 1552 1952 aut
1593 1906 1895 1970 temporum
1919 1906 2321 1960 necessitatibus

410 1988 804 2051 animadversis,
830 1989 899 2039 ad
922 1987 1179 2057 generalis
1218 1987 1582 2055 providentiae
1606 2004 1786 2038 curam
1811 1989 2054 2040 animum
2077 1991 2320 2059 adjicere,

412 2091 603 2142 easque
626 2073 939 2141 apostolicas
975 2073 1382 2124 constitutiones
1421 2077 1714 2141 opportune
1755 2075 2104 2145 promulgare,
2127 2078 2320 2146 quibus

412 2161 691 2230 gliscentes
713 2176 923 2210 morum
947 2158 1266 2226 corruptelas
1289 2163 1599 2222 resecarent,
1622 2163 1679 2210 et
1702 2160 2031 2213 inordinatas
2054 2162 2319 2216 humanae

413 2245 744 2313 arrogantiae
786 2244 1241 2312 praesumptiones
1282 2244 1643 2311 reprimerent.
1744 2244 1844 2297 Cui
1885 2247 1962 2297 rei
2004 2247 2320 2301 obtinendae
2415 2239 2420 2243 ”
2452 2316 2462 2325 ·

413 2332 764 2383 utilissimum
788 2331 946 2398 plane
983 2331 1186 2398 experti
1230 2335 1355 2381 sunt
1397 2331 1482 2381 vel
1524 2331 1747 2398 antiqua
1789 2335 2003 2398 patrum
2027 2334 2320 2386 constituta

413 2434 676 2480 renovare,
701 2417 1054 2484 interpretari,
1079 2419 1175 2467 aut
1218 2416 1493 2478 declarare,
1519 2416 1603 2467 vel
1629 2417 2051 2484 competentium
2074 2435 2320 2472 romanae

415 2504 592 2554 curiae
629 2503 999 2565 tribunalium,
1038 2503 1148 2554 sive
1187 2502 1658 2571 congregationum
1693 2502 1938 2571 judicata
1979 2507 2034 2554 et
2075 2500 2319 2571 responsa

415 2590 676 2658 colligere,
692 2588 1015 2651 confirmare,
1029 2588 1198 2638 autin
1212 2587 1480 2654 aliquibus
1493 2589 1777 2651 remittere,
1792 2589 2078 2657 eademque
2092 2591 2319 2657 pruden-

416 2684 497 2731 ter
520 2683 681 2746 atque
704 2682 830 2746 apte
855 2678 1151 2740 conciliare,
1176 2678 1220 2728 si
1263 2677 1474 2744 quando
1509 2677 1651 2728 inter
1674 2694 1736 2728 ea
1758 2694 1865 2728 non
1890 2679 2018 2730 satis
2041 2681 2319 2733 convenire

417 2766 645 2817 videtur.
739 2762 918 2830 thue
961 2763 1260 2830 antiquiora
1299 2763 1612 2813 omittamus
1655 2762 1912 2830 exempla,
1935 2780 2042 2815 non
2065 2765 2171 2815 alia
2195 2782 2319 2818 sane

417 2851 621 2902 ratione
645 2849 734 2900 fel.
759 2866 859 2899 rec.
885 2848 1250 2899 Praedeoessor
1290 2852 1468 2898 noster
1511 2846 1749 2899 Clemens
1787 2848 1936 2916 Papa
1958 2849 2030 2900 X.
2054 2867 2147 2918 per
2171 2868 2319 2903 suam

419 2935 874 2995 constitutionem,
916 2949 1053 3000 quae
1090 2932 1288 2999 incipit
1329 2929 1610 3000 Superna,
1653 2933 1842 2983 datum
1884 2945 1965 2986 XI.
2014 2934 2122 2986 kal.
2163 2935 2201 2987 J
2202 2953 2348 2988 unu

419 3038 557 3072 anno
605 3019 931 3071 MDCLXX.
980 3018 1297 3069 inhaerendo
1344 3018 1582 3084 pluribus
1643 3018 2046 3070 resolutionibus
2104 3036 2319 3089 cong-re-

422 3107 701 3177 gationum
752 3104 805 3156 S.
857 3104 921 3156 R.
971 3104 1036 3154 E.
1086 3103 1437 3156 cardinalium
1484 3103 1715 3169 negotiis
1753 3106 1809 3154 et
1845 3104 2318 3158 consultationibus

422 3194 782 3260 episcoporum
805 3194 860 3240 et
883 3189 1221 3258 regularium,
1246 3205 1308 3238 ae
1326 3187 1627 3238 Tridentini
1647 3186 1870 3238 Concilii
1893 3188 2319 3256 interpretationi

422 3275 738 3327 auctoritate
785 3274 1073 3341 apostolica
1121 3274 1554 3340 praepositorum,
1620 3273 1793 3323 multa
1842 3274 2124 3324 constituit
2182 3275 2319 3327 circa

423 3362 659 3413 debitam
683 3376 714 3410 a
737 3359 1064 3428 regularibus
1090 3376 1213 3427 erga
1253 3358 1521 3426 episcopos
1559 3357 1792 3408 locorum
1836 3359 2122 3410 ordinarios
2149 3360 2319 3412 obser-

423 3446 678 3507 vantiam,
719 3449 773 3494 et
813 3444 923 3511 subj
933 3444 1228 3503 ectionem3
1272 3447 1386 3493 tam
1422 3443 1482 3492 in
1516 3443 1746 3509 petenda
1781 3460 1962 3494 eorum
2003 3443 2222 3495 licentia
2261 3447 2318 3496 et

423 3529 788 3581 benedictione
836 3545 929 3595 pro
976 3527 1135 3578 Verbi
1183 3527 1283 3578 Dei
1331 3527 1722 3594 praedicatione
1769 3527 1828 3578 in
1873 3527 2105 3578 ecclesiis
2152 3529 2318 3603 etiam

426 3631 637 3669 suorum
679 3612 967 3683 respective
1004 3612 1247 3663 ordinum
1289 3611 1545 3675 habenda,
1584 3628 1744 3683 quam
1781 3612 1839 3662 in
1862 3612 2238 3684 approbatione
2261 3616 2317 3670 et
