2514 4504
632 422 1069 467 INDULGENTIAE
1114 426 1188 468 oB
1233 426 1531 469 ῙΜΑΘῙΝΕΜ
1576 428 1629 469 Β.
1661 428 1724 469 M.
1758 429 1811 469 v.
2037 413 2157 471 441

273 569 539 623 Sanctitas
566 571 673 623 Sua
698 576 762 623 ut
797 571 855 622 hi
899 588 1078 624 omnes
1121 578 1406 641 antequam
1451 576 1756 626 canonicam
1800 579 2167 644 possessionem

271 656 611 707 canonicatus
636 661 692 707 et
717 656 876 708 officii
903 658 1136 725 capiant,
1163 658 1448 710 solemnem
1476 659 1600 710 fidei
1627 662 1992 728 professionem
2012 680 2033 730 J
2043 669 2170 713 uxta

273 739 552 791 formulam
568 758 599 791 a
619 740 672 793 S.
695 740 829 793 Sede
849 744 1221 811 praescriptam
1241 745 1485 796 emittere
1504 745 1745 797 debeant.
1797 744 1965 813 Super
1982 747 2171 813 quibus

272 825 517 877 omnibus
553 843 794 894 praesens
818 827 1098 880 Decretum
1123 830 1354 897 expediri
1380 831 1671 881 mandavit.

180 1007 185 1011 ,
380 948 582 1000 Datum
622 950 822 1003 Romae
861 969 940 1003 eit.
982 953 1109 1003 Aed.
1139 952 1191 1005 S.
1221 952 1277 1004 C.
1304 953 1369 1004 de
1407 953 1751 1023 Propaganda
1795 953 1945 1016 Fide,
1979 955 2065 1006 die
2107 957 2169 1006 15

274 1032 547 1085 Februarii
577 1037 729 1088 1881.

790 1161 1116 1216 JOANNES
1154 1163 1358 1216 CARD.
1397 1162 1728 1227 SIMEONI,
1764 1162 2099 1233 Praefectus.

1156 1277 1210 1330 J.
1248 1278 1519 1342 MASOTTI,
1556 1276 1913 1331 Secretarws.

926 1536 1008 1589 IN
1010 1537 1488 1591 DULGENTIAE

279 1681 356 1737 Ob
391 1682 711 1753 Imayi‘ne‘m
746 1684 812 1738 B.
839 1684 918 1737 M.
966 1685 1027 1739 V.
1066 1684 1132 1738 de
1168 1685 1443 1755 Perpetuo
1481 1683 1768 1737 Succursu
1819 1683 1887 1737 in
1931 1682 2175 1736 Ecclesia

896 1769 1214 1824 Gathedrali
1248 1775 1581 1823 veneratam.

971 1915 1131 1969 LEO.
1169 1915 1278 1967 ΡΡ.
1317 1915 1479 1967 XIII.

741 2055 829 2107 AD
865 2055 1209 2107 PERPETUAM
1246 2055 1350 2106 Rm
1386 2056 1722 2107 MEMomAM.

386 2186 540 2251 Cum,
565 2189 724 2240 sicuti
750 2188 917 2240 Nobis
949 2205 1118 2257 nuper
1152 2189 1380 2240 relatum
1406 2193 1502 2251 est,
1529 2189 1587 2239 in
1615 2188 1916 2240 Cathedrali
1942 2189 2177 2240 Ecclesia

277 2272 376 2324 sub
411 2274 575 2326 titulo
619 2274 682 2326 B.
709 2274 912 2326 Mariae
954 2275 1189 2344 Virginis
1226 2276 1291 2326 de
1335 2275 1599 2342 Perpetuo
1643 2273 1902 2325 Succursu
1942 2276 2177 2325 civitatis

276 2359 747 2430 Medioburgensis,
796 2360 1085 2428 exposituri
1135 2360 1245 2411 sint
1282 2360 1581 2429 Imaginem
1632 2360 1889 2428 Deiparae
1944 2361 2178 2429 Virginis

279 2444 376 2495 sub
424 2445 609 2496 eadem
664 2446 1001 2497 invocatione
1051 2446 1116 2496 de
1171 2446 1435 2513 Perpetuo
1492 2445 1769 2508 Succursu,
1818 2446 1901 2496 illi
1948 2446 2177 2497 similem

277 2544 413 2595 quae
460 2528 517 2579 in
565 2529 802 2581 Ecclesia
840 2528 893 2580 S.
935 2528 1193 2596 Alphonsi
1243 2530 1309 2580 de
1354 2528 1492 2580 Urbe
1535 2529 1603 2579 ad
1642 2528 1918 2595 Exquilias
1957 2529 2179 2588 colitur3

278 2611 387 2664 Nos
430 2614 498 2664 ad
531 2614 830 2683 augendam
868 2614 1109 2665 fidelium
1151 2614 1459 2684 religionem
1499 2614 1900 2680 animarumque
1937 2613 2181 2676 salutem,

279 2697 591 2749 coelestibus
646 2697 913 2749 Ecclesiae
951 2697 1211 2750 thesauris
1252 2699 1342 2766 pia
1385 2698 1644 2749 charitate
1688 2698 1905 2759 intenti,
1939 2698 2181 2749 omnibus

280 2790 337 2835 et
360 2783 584 2853 singulis
627 2785 904 2851 utriusque
948 2801 1097 2835 sexus
1138 2782 1598 2847 christifidelibus,
1635 2800 1751 2834 vere
1788 2784 2181 2851 poenitentibus

278 2873 335 2920 et
359 2868 607 2920 confessis
631 2886 693 2919 ac
731 2868 786 2920 S.
814 2867 1197 2920 Communione
1236 2868 1459 2932 refectis,
1500 2869 1594 2937 qui
1635 2869 1959 2936 supradictas
2001 2868 2182 2920 Eccle-

282 2954 415 3005 siam
465 2958 520 3005 et
562 2954 863 3023 Imaginem
907 2954 994 3005 die
1036 2970 1140 3021 quo
1189 2954 1305 3022 ipsa
1362 2955 1595 3022 primum
1651 2953 1893 3021 publicae
1943 2953 2181 3004 fidelium

284 3038 607 3090 venerationi
649 3043 956 3106 exponetur,
1004 3043 1124 3090 tum
1172 3040 1261 3090 die
1310 3040 1575 3091 sollemnis
1623 3038 1925 3106 hujusmodi
1980 3040 2184 3105 exposi-

284 3122 446 3175 tionis
506 3124 877 3186 anniversariO,
938 3142 999 3176 ac
1060 3123 1345 3176 Dominica
1416 3129 1541 3175 ante
1608 3124 1801 3174 festum
1867 3122 1917 3172 N
1919 3123 2183 3174 ativitatis

286 3208 340 3259 S.
379 3207 414 3259 J
416 3209 600 3259 oannis
625 3208 918 3277 Baptistae,
943 3226 1048 3277 qua
1091 3210 1288 3261 festum
1333 3210 1567 3277 ejusdem
1609 3208 1662 3259 S.
1691 3208 1964 3275 ImaginiS,
2002 3208 2182 3258 habita

286 3294 558 3356 facultate,
606 3294 807 3346 ibidem
869 3295 1235 3358 celebrabitur,
1293 3300 1406 3357 aut,
1468 3311 1529 3345 ea
1578 3293 1856 3343 Dominica
1906 3293 2179 3359 impedita,

286 3379 568 3430 Dominica
604 3379 916 3429 immediate
954 3380 1213 3446 sequenti,
1258 3379 1339 3429 vel
1380 3395 1485 3429 uno
1528 3395 1591 3429 ex
1618 3381 1815 3444 septem
1841 3377 2025 3427 diebus
2062 3394 2183 3428 con-

287 3464 454 3515 tinuis
472 3463 780 3513 immediate
799 3465 1088 3530 respective
1114 3463 1567 3530 subsequentibuS,
1588 3462 1654 3512 ad
1674 3461 1754 3528 cuj
1764 3478 1927 3527 usque
1946 3461 2183 3511 fidelium

288 3549 566 3600 arbitrium
593 3547 693 3598 sibi
720 3547 962 3615 eligendo
989 3549 1213 3617 singulis
1238 3549 1390 3599 annis
1416 3548 1600 3598 devote
1627 3546 1977 3607 visitaverint,
2005 3547 2183 3613 ibique

289 3651 384 3702 pro
410 3632 825 3685 Christianorum
853 3632 1163 3700 Principum
1203 3633 1493 3693 concordia,
1535 3633 1772 3683 haresum
1818 3632 2182 3697 extirpatione,
