<?xml version="1.0" encoding="UTF-8"?>
<!DOCTYPE html PUBLIC "-//W3C//DTD XHTML 1.0 Transitional//EN"
    "http://www.w3.org/TR/xhtml1/DTD/xhtml1-transitional.dtd">
<html xmlns="http://www.w3.org/1999/xhtml" xml:lang="en" lang="en">
 <head>
  <title>
</title>
<meta http-equiv="Content-Type" content="text/html;charset=utf-8" />
  <meta name='ocr-system' content='tesseract 3.04.00' />
  <meta name='ocr-capabilities' content='ocr_page ocr_carea ocr_par ocr_line ocrx_word'/>
</head>
<body>
  <div class='ocr_page' id='page_1' title='image "a613743300cathuoft_0322.png"; bbox 0 0 2514 4504; ppageno 0'>
   <div class='ocr_carea' id='block_1_1' title="bbox 434 329 1760 397">
    <p class='ocr_par' dir='ltr' id='par_1_1' title="bbox 434 329 1760 397">
     <span class='ocr_line' id='line_1_1' title="bbox 434 329 1760 397; baseline 0.007 -9"><span class='ocrx_word' id='word_1_1' title='bbox 434 329 555 388; x_wconf 89' lang='grc'>304</span> <span class='ocrx_word' id='word_1_2' title='bbox 1000 351 1156 392; x_wconf 65' lang='lat' dir='ltr'>conc,</span> <span class='ocrx_word' id='word_1_3' title='bbox 1204 352 1372 394; x_wconf 73' lang='lat' dir='ltr'>Pssov.</span> <span class='ocrx_word' id='word_1_4' title='bbox 1420 353 1638 397; x_wconf 73' lang='lat' dir='ltr'>wner.</span> <span class='ocrx_word' id='word_1_5' title='bbox 1688 356 1760 397; x_wconf 89' lang='lat' dir='ltr'>1v.</span> 
     </span>
    </p>
   </div>
   <div class='ocr_carea' id='block_1_2' title="bbox 429 496 2338 3546">
    <p class='ocr_par' dir='ltr' id='par_1_2' title="bbox 432 496 2323 992">
     <span class='ocr_line' id='line_1_2' title="bbox 432 496 2321 572; baseline 0.007 -27"><span class='ocrx_word' id='word_1_6' title='bbox 432 497 679 564; x_wconf 75' lang='lat' dir='ltr'>pertinet,</span> <span class='ocrx_word' id='word_1_7' title='bbox 722 496 820 548; x_wconf 91' lang='lat' dir='ltr'>sub</span> <span class='ocrx_word' id='word_1_8' title='bbox 860 513 1029 564; x_wconf 92' lang='lat' dir='ltr'>poena</span> <span class='ocrx_word' id='word_1_9' title='bbox 1071 498 1343 550; x_wconf 76' lang='lat' dir='ltr'>interdicti</span> <span class='ocrx_word' id='word_1_10' title='bbox 1383 499 1450 550; x_wconf 89' lang='lat' dir='ltr'>ab</span> <span class='ocrx_word' id='word_1_11' title='bbox 1493 500 1730 568; x_wconf 89' lang='lat' dir='ltr'>ingressu</span> <span class='ocrx_word' id='word_1_12' title='bbox 1773 502 2020 555; x_wconf 90' lang='lat' dir='ltr'>ecclesiae</span> <span class='ocrx_word' id='word_1_13' title='bbox 2043 506 2158 572; x_wconf 89' lang='lat' dir='ltr'>ipso</span> <span class='ocrx_word' id='word_1_14' title='bbox 2182 507 2321 559; x_wconf 87' lang='lat' dir='ltr'>facto</span> 
     </span>
     <span class='ocr_line' id='line_1_3' title="bbox 432 581 2320 654; baseline 0.007 -24"><span class='ocrx_word' id='word_1_15' title='bbox 432 581 740 631; x_wconf 89' lang='lat' dir='ltr'>incurrenda</span> <span class='ocrx_word' id='word_1_16' title='bbox 782 598 813 631; x_wconf 91' lang='lat' dir='ltr'>a</span> <span class='ocrx_word' id='word_1_17' title='bbox 856 581 943 631; x_wconf 90' lang='lat' dir='ltr'>die</span> <span class='ocrx_word' id='word_1_18' title='bbox 990 581 1143 632; x_wconf 92' lang='lat' dir='ltr'>realis</span> <span class='ocrx_word' id='word_1_19' title='bbox 1190 584 1572 650; x_wconf 84' lang='lat' dir='ltr'>acquisitionis,</span> <span class='ocrx_word' id='word_1_20' title='bbox 1622 587 1807 637; x_wconf 88' lang='lat' dir='ltr'>statim</span> <span class='ocrx_word' id='word_1_21' title='bbox 1857 588 2049 654; x_wconf 85' lang='lat' dir='ltr'>deponi</span> <span class='ocrx_word' id='word_1_22' title='bbox 2098 591 2320 643; x_wconf 87' lang='lat' dir='ltr'>debeant</span> 
     </span>
     <span class='ocr_line' id='line_1_4' title="bbox 433 666 2319 735; baseline 0.007 -21"><span class='ocrx_word' id='word_1_23' title='bbox 433 682 589 732; x_wconf 92' lang='lat' dir='ltr'>penes</span> <span class='ocrx_word' id='word_1_24' title='bbox 613 666 794 716; x_wconf 91' lang='lat' dir='ltr'>aedem</span> <span class='ocrx_word' id='word_1_25' title='bbox 819 682 1016 716; x_wconf 90' lang='lat' dir='ltr'>sacram</span> <span class='ocrx_word' id='word_1_26' title='bbox 1041 666 1125 717; x_wconf 90' lang='lat' dir='ltr'>vel</span> <span class='ocrx_word' id='word_1_27' title='bbox 1148 683 1420 735; x_wconf 84' lang='lat' dir='ltr'>personam</span> <span class='ocrx_word' id='word_1_28' title='bbox 1456 668 1560 720; x_wconf 93' lang='lat' dir='ltr'>fide</span> <span class='ocrx_word' id='word_1_29' title='bbox 1585 674 1640 720; x_wconf 91' lang='lat' dir='ltr'>et</span> <span class='ocrx_word' id='word_1_30' title='bbox 1683 670 2025 724; x_wconf 89' lang='lat' dir='ltr'>facultatibus</span> <span class='ocrx_word' id='word_1_31' title='bbox 2063 674 2319 728; x_wconf 86' lang='lat' dir='ltr'>idoneam.</span> 
     </span>
     <span class='ocr_line' id='line_1_5' title="bbox 432 750 2323 823; baseline 0.006 -21"><span class='ocrx_word' id='word_1_32' title='bbox 432 751 499 802; x_wconf 88' lang='lat' dir='ltr'>ad</span> <span class='ocrx_word' id='word_1_33' title='bbox 525 750 773 801; x_wconf 88' lang='lat' dir='ltr'>effectum</span> <span class='ocrx_word' id='word_1_34' title='bbox 798 751 908 813; x_wconf 87' lang='lat' dir='ltr'>illa,</span> <span class='ocrx_word' id='word_1_35' title='bbox 934 768 1027 803; x_wconf 90' lang='lat' dir='ltr'>seu</span> <span class='ocrx_word' id='word_1_36' title='bbox 1067 751 1276 804; x_wconf 90' lang='lat' dir='ltr'>illorum</span> <span class='ocrx_word' id='word_1_37' title='bbox 1316 753 1565 820; x_wconf 90' lang='lat' dir='ltr'>pretium,</span> <span class='ocrx_word' id='word_1_38' title='bbox 1591 757 1983 823; x_wconf 87' lang='lat' dir='ltr'>quamprimum</span> <span class='ocrx_word' id='word_1_39' title='bbox 2006 759 2323 813; x_wconf 86' lang='lat' dir='ltr'>investiendi</span> 
     </span>
     <span class='ocr_line' id='line_1_6' title="bbox 432 836 2320 907; baseline 0.006 -21"><span class='ocrx_word' id='word_1_40' title='bbox 432 837 491 886; x_wconf 93' lang='lat' dir='ltr'>in</span> <span class='ocrx_word' id='word_1_41' title='bbox 532 836 681 887; x_wconf 89' lang='lat' dir='ltr'>bonis</span> <span class='ocrx_word' id='word_1_42' title='bbox 723 836 1084 888; x_wconf 85' lang='lat' dir='ltr'>immobilibus</span> <span class='ocrx_word' id='word_1_43' title='bbox 1132 837 1431 902; x_wconf 84' lang='lat' dir='ltr'>fructiferis,</span> <span class='ocrx_word' id='word_1_44' title='bbox 1481 856 1604 890; x_wconf 92' lang='lat' dir='ltr'>cum</span> <span class='ocrx_word' id='word_1_45' title='bbox 1652 857 1888 907; x_wconf 85' lang='lat' dir='ltr'>expressa</span> <span class='ocrx_word' id='word_1_46' title='bbox 1936 847 1991 894; x_wconf 84' lang='lat' dir='ltr'>et</span> <span class='ocrx_word' id='word_1_47' title='bbox 2038 844 2320 898; x_wconf 88' lang='lat' dir='ltr'>individua</span> 
     </span>
     <span class='ocr_line' id='line_1_7' title="bbox 433 922 1772 992; baseline 0.002 -20"><span class='ocrx_word' id='word_1_48' title='bbox 433 922 703 973; x_wconf 90' lang='lat' dir='ltr'>mentione</span> <span class='ocrx_word' id='word_1_49' title='bbox 727 922 894 972; x_wconf 89' lang='lat' dir='ltr'>oneris</span> <span class='ocrx_word' id='word_1_50' title='bbox 918 922 1057 989; x_wconf 93' lang='lat' dir='ltr'>quod</span> <span class='ocrx_word' id='word_1_51' title='bbox 1080 922 1190 973; x_wconf 92' lang='lat' dir='ltr'>illis</span> <span class='ocrx_word' id='word_1_52' title='bbox 1213 939 1476 974; x_wconf 83' lang='lat' dir='ltr'>annexum</span> <span class='ocrx_word' id='word_1_53' title='bbox 1500 925 1772 992; x_wconf 87' lang='lat' dir='ltr'>reperitur.</span> 
     </span>
    </p>

    <p class='ocr_par' dir='ltr' id='par_1_3' title="bbox 431 1007 2338 1418">
     <span class='ocr_line' id='line_1_8' title="bbox 574 1007 2324 1082; baseline 0.005 -23"><span class='ocrx_word' id='word_1_54' title='bbox 574 1012 608 1039; x_wconf 78' lang='lat'>‘⁶</span> <span class='ocrx_word' id='word_1_55' title='bbox 631 1008 655 1075; x_wconf 68' lang='grc' dir='ltr'><strong>ξ</strong></span> <span class='ocrx_word' id='word_1_56' title='bbox 683 1007 732 1060; x_wconf 87' lang='lat'>7.</span> <span class='ocrx_word' id='word_1_57' title='bbox 782 1007 858 1058; x_wconf 94' lang='lat' dir='ltr'>Ac</span> <span class='ocrx_word' id='word_1_58' title='bbox 883 1008 928 1058; x_wconf 93' lang='lat' dir='ltr'>si</span> <span class='ocrx_word' id='word_1_59' title='bbox 950 1008 1134 1059; x_wconf 89' lang='lat' dir='ltr'>eadem</span> <span class='ocrx_word' id='word_1_60' title='bbox 1176 1008 1312 1059; x_wconf 91' lang='lat' dir='ltr'>bona</span> <span class='ocrx_word' id='word_1_61' title='bbox 1349 1010 1647 1061; x_wconf 90' lang='lat' dir='ltr'>immobilia</span> <span class='ocrx_word' id='word_1_62' title='bbox 1682 1013 1999 1064; x_wconf 84' lang='lat' dir='ltr'>auctoritate</span> <span class='ocrx_word' id='word_1_63' title='bbox 2021 1014 2324 1082; x_wconf 74' lang='lat' dir='ltr'>Apostolica</span> 
     </span>
     <span class='ocr_line' id='line_1_9' title="bbox 432 1092 2322 1163; baseline 0.004 -19"><span class='ocrx_word' id='word_1_64' title='bbox 432 1095 675 1161; x_wconf 81' lang='lat' dir='ltr'>deinceps</span> <span class='ocrx_word' id='word_1_65' title='bbox 727 1092 944 1144; x_wconf 92' lang='lat' dir='ltr'>alienari</span> <span class='ocrx_word' id='word_1_66' title='bbox 992 1094 1292 1161; x_wconf 83' lang='lat' dir='ltr'>contigerit,</span> <span class='ocrx_word' id='word_1_67' title='bbox 1341 1096 1644 1146; x_wconf 89' lang='lat' dir='ltr'>eorumdem</span> <span class='ocrx_word' id='word_1_68' title='bbox 1705 1097 1938 1163; x_wconf 81' lang='lat' dir='ltr'>pretium</span> <span class='ocrx_word' id='word_1_69' title='bbox 1993 1099 2091 1150; x_wconf 92' lang='lat' dir='ltr'>sub</span> <span class='ocrx_word' id='word_1_70' title='bbox 2138 1101 2322 1152; x_wconf 85' lang='lat' dir='ltr'>eadem</span> 
     </span>
     <span class='ocr_line' id='line_1_10' title="bbox 431 1179 2322 1249; baseline 0.003 -18"><span class='ocrx_word' id='word_1_71' title='bbox 431 1197 617 1249; x_wconf 91' lang='lat' dir='ltr'>poena,</span> <span class='ocrx_word' id='word_1_72' title='bbox 640 1183 705 1230; x_wconf 91' lang='lat' dir='ltr'>ut</span> <span class='ocrx_word' id='word_1_73' title='bbox 739 1195 910 1246; x_wconf 89' lang='lat' dir='ltr'>supra,</span> <span class='ocrx_word' id='word_1_74' title='bbox 934 1179 1142 1246; x_wconf 85' lang='lat' dir='ltr'>deponi,</span> <span class='ocrx_word' id='word_1_75' title='bbox 1183 1184 1346 1247; x_wconf 90' lang='lat' dir='ltr'>atque</span> <span class='ocrx_word' id='word_1_76' title='bbox 1386 1180 1444 1231; x_wconf 91' lang='lat' dir='ltr'>in</span> <span class='ocrx_word' id='word_1_77' title='bbox 1485 1180 1604 1231; x_wconf 90' lang='lat' dir='ltr'>aliis</span> <span class='ocrx_word' id='word_1_78' title='bbox 1646 1181 1797 1232; x_wconf 86' lang='lat' dir='ltr'>bonis</span> <span class='ocrx_word' id='word_1_79' title='bbox 1832 1183 2109 1235; x_wconf 86' lang='lat' dir='ltr'>stabilibus</span> <span class='ocrx_word' id='word_1_80' title='bbox 2132 1185 2322 1237; x_wconf 89' lang='lat' dir='ltr'>itidem</span> 
     </span>
     <span class='ocr_line' id='line_1_11' title="bbox 431 1248 2338 1335; baseline 0.002 -18"><span class='ocrx_word' id='word_1_81' title='bbox 431 1265 712 1318; x_wconf 85' lang='lat' dir='ltr'>fructiferis</span> <span class='ocrx_word' id='word_1_82' title='bbox 736 1281 859 1316; x_wconf 92' lang='lat' dir='ltr'>cum</span> <span class='ocrx_word' id='word_1_83' title='bbox 884 1263 1118 1331; x_wconf 90' lang='lat' dir='ltr'>ejusdem</span> <span class='ocrx_word' id='word_1_84' title='bbox 1142 1266 1309 1316; x_wconf 92' lang='lat' dir='ltr'>oneris</span> <span class='ocrx_word' id='word_1_85' title='bbox 1352 1266 1667 1332; x_wconf 86' lang='lat' dir='ltr'>repetitione</span> <span class='ocrx_word' id='word_1_86' title='bbox 1702 1270 1861 1335; x_wconf 89' lang='lat' dir='ltr'>atque</span> <span class='ocrx_word' id='word_1_87' title='bbox 1885 1269 2174 1320; x_wconf 86' lang='lat' dir='ltr'>annexione</span> <span class='ocrx_word' id='word_1_88' title='bbox 2198 1248 2338 1321; x_wconf 25' lang='lat' dir='ltr'>con-¹</span> 
     </span>
     <span class='ocr_line' id='line_1_12' title="bbox 434 1350 2310 1418; baseline -0.004 -16"><span class='ocrx_word' id='word_1_89' title='bbox 434 1351 568 1402; x_wconf 86' lang='lat' dir='ltr'>verti</span> <span class='ocrx_word' id='word_1_90' title='bbox 593 1350 796 1401; x_wconf 89' lang='lat' dir='ltr'>debeat.</span> <span class='ocrx_word' id='word_1_91' title='bbox 2307 1415 2310 1418; x_wconf 26' lang='grc' dir='ltr'>Ι</span> 
     </span>
    </p>

    <p class='ocr_par' dir='ltr' id='par_1_4' title="bbox 431 1433 2323 2527">
     <span class='ocr_line' id='line_1_13' title="bbox 575 1433 2318 1508; baseline 0.002 -23"><span class='ocrx_word' id='word_1_92' title='bbox 575 1440 608 1466; x_wconf 82' lang='grc'><strong>“</strong></span> <span class='ocrx_word' id='word_1_93' title='bbox 626 1436 651 1502; x_wconf 78' lang='lat'>§</span> <span class='ocrx_word' id='word_1_94' title='bbox 669 1437 718 1486; x_wconf 90' lang='lat'>8.</span> <span class='ocrx_word' id='word_1_95' title='bbox 761 1435 844 1486; x_wconf 93' lang='lat' dir='ltr'>Ad</span> <span class='ocrx_word' id='word_1_96' title='bbox 867 1433 1013 1498; x_wconf 91' lang='lat' dir='ltr'>haec,</span> <span class='ocrx_word' id='word_1_97' title='bbox 1038 1433 1092 1486; x_wconf 84' lang='lat' dir='ltr'>S.</span> <span class='ocrx_word' id='word_1_98' title='bbox 1114 1433 1463 1504; x_wconf 84' lang='lat' dir='ltr'>Congregatio</span> <span class='ocrx_word' id='word_1_99' title='bbox 1486 1435 1760 1502; x_wconf 85' lang='lat' dir='ltr'>quibusvis</span> <span class='ocrx_word' id='word_1_100' title='bbox 1783 1437 2050 1504; x_wconf 77' lang='lat' dir='ltr'>capituli8‚</span> <span class='ocrx_word' id='word_1_101' title='bbox 2068 1438 2318 1508; x_wconf 84' lang='lat' dir='ltr'>collegiis,</span> 
     </span>
     <span class='ocr_line' id='line_1_14' title="bbox 434 1519 2316 1593; baseline 0.001 -21"><span class='ocrx_word' id='word_1_102' title='bbox 434 1520 769 1573; x_wconf 86' lang='lat' dir='ltr'>societatibus</span> <span class='ocrx_word' id='word_1_103' title='bbox 811 1525 866 1571; x_wconf 92' lang='lat' dir='ltr'>et</span> <span class='ocrx_word' id='word_1_104' title='bbox 922 1519 1430 1589; x_wconf 80' lang='lat' dir='ltr'>congregationibuS,</span> <span class='ocrx_word' id='word_1_105' title='bbox 1454 1535 1656 1571; x_wconf 88' lang='lat' dir='ltr'>necnon</span> <span class='ocrx_word' id='word_1_106' title='bbox 1704 1522 1948 1573; x_wconf 91' lang='lat' dir='ltr'>omnibus</span> <span class='ocrx_word' id='word_1_107' title='bbox 1995 1527 2050 1574; x_wconf 83' lang='lat' dir='ltr'>et</span> <span class='ocrx_word' id='word_1_108' title='bbox 2092 1523 2316 1593; x_wconf 89' lang='lat' dir='ltr'>singulis</span> 
     </span>
     <span class='ocr_line' id='line_1_15' title="bbox 434 1605 2321 1678; baseline 0.001 -19"><span class='ocrx_word' id='word_1_109' title='bbox 434 1606 766 1659; x_wconf 90' lang='lat' dir='ltr'>ecclesiarum</span> <span class='ocrx_word' id='word_1_110' title='bbox 804 1622 865 1656; x_wconf 92' lang='lat' dir='ltr'>ac</span> <span class='ocrx_word' id='word_1_111' title='bbox 906 1605 1115 1673; x_wconf 88' lang='lat' dir='ltr'>piorum</span> <span class='ocrx_word' id='word_1_112' title='bbox 1157 1605 1407 1668; x_wconf 90' lang='lat' dir='ltr'>locorum,</span> <span class='ocrx_word' id='word_1_113' title='bbox 1448 1609 1564 1656; x_wconf 90' lang='lat' dir='ltr'>tam</span> <span class='ocrx_word' id='word_1_114' title='bbox 1606 1606 1949 1658; x_wconf 87' lang='lat' dir='ltr'>saecularium</span> <span class='ocrx_word' id='word_1_115' title='bbox 1985 1624 2147 1675; x_wconf 91' lang='lat' dir='ltr'>quam</span> <span class='ocrx_word' id='word_1_116' title='bbox 2169 1625 2321 1678; x_wconf 89' lang='lat' dir='ltr'>regu-</span> 
     </span>
     <span class='ocr_line' id='line_1_16' title="bbox 432 1690 2319 1760; baseline -0.001 -16"><span class='ocrx_word' id='word_1_117' title='bbox 432 1693 643 1755; x_wconf 90' lang='lat' dir='ltr'>larium,</span> <span class='ocrx_word' id='word_1_118' title='bbox 667 1690 1032 1759; x_wconf 79' lang='lat' dir='ltr'>superioribUS,</span> <span class='ocrx_word' id='word_1_119' title='bbox 1056 1690 1139 1741; x_wconf 91' lang='lat' dir='ltr'>vel</span> <span class='ocrx_word' id='word_1_120' title='bbox 1163 1690 1282 1741; x_wconf 89' lang='lat' dir='ltr'>aliis</span> <span class='ocrx_word' id='word_1_121' title='bbox 1307 1691 1374 1741; x_wconf 92' lang='lat' dir='ltr'>ad</span> <span class='ocrx_word' id='word_1_122' title='bbox 1398 1706 1526 1758; x_wconf 89' lang='lat' dir='ltr'>quos</span> <span class='ocrx_word' id='word_1_123' title='bbox 1550 1690 1798 1758; x_wconf 85' lang='lat' dir='ltr'>pertinet,</span> <span class='ocrx_word' id='word_1_124' title='bbox 1816 1692 2055 1744; x_wconf 90' lang='lat' dir='ltr'>districte</span> <span class='ocrx_word' id='word_1_125' title='bbox 2077 1693 2319 1760; x_wconf 84' lang='lat' dir='ltr'>prohibet</span> 
     </span>
     <span class='ocr_line' id='line_1_17' title="bbox 432 1776 2322 1844; baseline 0.001 -16"><span class='ocrx_word' id='word_1_126' title='bbox 432 1794 500 1829; x_wconf 92' lang='lat' dir='ltr'>ne</span> <span class='ocrx_word' id='word_1_127' title='bbox 539 1778 597 1828; x_wconf 91' lang='lat' dir='ltr'>in</span> <span class='ocrx_word' id='word_1_128' title='bbox 637 1779 906 1844; x_wconf 87' lang='lat' dir='ltr'>posterum</span> <span class='ocrx_word' id='word_1_129' title='bbox 950 1791 1105 1826; x_wconf 89' lang='lat' dir='ltr'>onera</span> <span class='ocrx_word' id='word_1_130' title='bbox 1142 1779 1395 1843; x_wconf 90' lang='lat' dir='ltr'>perpetua</span> <span class='ocrx_word' id='word_1_131' title='bbox 1438 1776 1729 1843; x_wconf 90' lang='lat' dir='ltr'>suscipiant</span> <span class='ocrx_word' id='word_1_132' title='bbox 1752 1776 2035 1828; x_wconf 91' lang='lat' dir='ltr'>Missarum</span> <span class='ocrx_word' id='word_1_133' title='bbox 2059 1777 2322 1829; x_wconf 88' lang='lat' dir='ltr'>celebran-</span> 
     </span>
     <span class='ocr_line' id='line_1_18' title="bbox 433 1860 2321 1929; baseline 0 -15"><span class='ocrx_word' id='word_1_134' title='bbox 433 1864 637 1925; x_wconf 91' lang='lat' dir='ltr'>darum,</span> <span class='ocrx_word' id='word_1_135' title='bbox 685 1860 968 1913; x_wconf 88' lang='lat' dir='ltr'>saeculares</span> <span class='ocrx_word' id='word_1_136' title='bbox 1015 1860 1231 1927; x_wconf 90' lang='lat' dir='ltr'>quidem</span> <span class='ocrx_word' id='word_1_137' title='bbox 1279 1860 1392 1911; x_wconf 90' lang='lat' dir='ltr'>sine</span> <span class='ocrx_word' id='word_1_138' title='bbox 1441 1860 1708 1928; x_wconf 89' lang='lat' dir='ltr'>Episcopi,</span> <span class='ocrx_word' id='word_1_139' title='bbox 1757 1861 1840 1912; x_wconf 90' lang='lat' dir='ltr'>vel</span> <span class='ocrx_word' id='word_1_140' title='bbox 1888 1861 2001 1929; x_wconf 90' lang='lat' dir='ltr'>ejus</span> <span class='ocrx_word' id='word_1_141' title='bbox 2051 1861 2321 1914; x_wconf 85' lang='lat' dir='ltr'>Generalis</span> 
     </span>
     <span class='ocr_line' id='line_1_19' title="bbox 432 1931 2321 2014; baseline 0 -16"><span class='ocrx_word' id='word_1_142' title='bbox 432 1948 647 2011; x_wconf 87' lang='lat' dir='ltr'>Vicarii,</span> <span class='ocrx_word' id='word_1_143' title='bbox 687 1945 948 2014; x_wconf 88' lang='lat' dir='ltr'>regulares</span> <span class='ocrx_word' id='word_1_144' title='bbox 985 1961 1104 1996; x_wconf 90' lang='lat' dir='ltr'>vero</span> <span class='ocrx_word' id='word_1_145' title='bbox 1130 1945 1239 1996; x_wconf 88' lang='lat' dir='ltr'>sine</span> <span class='ocrx_word' id='word_1_146' title='bbox 1267 1944 1554 2008; x_wconf 78' lang='lat' dir='ltr'>Generalis,</span> <span class='ocrx_word' id='word_1_147' title='bbox 1578 1944 1664 1996; x_wconf 91' lang='lat' dir='ltr'>vel</span> <span class='ocrx_word' id='word_1_148' title='bbox 1688 1931 2048 2010; x_wconf 82' lang='lat' dir='ltr'>Provincialis,</span> <span class='ocrx_word' id='word_1_149' title='bbox 2071 1963 2321 1998; x_wconf 89' lang='lat' dir='ltr'>consensu</span> 
     </span>
     <span class='ocr_line' id='line_1_20' title="bbox 433 2019 2322 2100; baseline -0.002 -15"><span class='ocrx_word' id='word_1_150' title='bbox 433 2038 489 2086; x_wconf 86' lang='lat' dir='ltr'>et</span> <span class='ocrx_word' id='word_1_151' title='bbox 525 2033 742 2084; x_wconf 89' lang='lat' dir='ltr'>licentia</span> <span class='ocrx_word' id='word_1_152' title='bbox 778 2033 836 2082; x_wconf 92' lang='lat' dir='ltr'>in</span> <span class='ocrx_word' id='word_1_153' title='bbox 874 2031 1083 2099; x_wconf 91' lang='lat' dir='ltr'>scriptis</span> <span class='ocrx_word' id='word_1_154' title='bbox 1116 2035 1172 2082; x_wconf 92' lang='lat' dir='ltr'>et</span> <span class='ocrx_word' id='word_1_155' title='bbox 1196 2031 1362 2100; x_wconf 88' lang='lat' dir='ltr'>gratis</span> <span class='ocrx_word' id='word_1_156' title='bbox 1386 2030 1747 2081; x_wconf 89' lang='lat' dir='ltr'>concedenda:</span> <span class='ocrx_word' id='word_1_157' title='bbox 1787 2029 2026 2098; x_wconf 90' lang='lat' dir='ltr'>alioquin</span> <span class='ocrx_word' id='word_1_158' title='bbox 2049 2019 2322 2082; x_wconf 86' lang='lat' dir='ltr'>saecularis</span> 
     </span>
     <span class='ocr_line' id='line_1_21' title="bbox 432 2113 2318 2187; baseline -0.002 -17"><span class='ocrx_word' id='word_1_159' title='bbox 432 2120 525 2187; x_wconf 91' lang='lat' dir='ltr'>qui</span> <span class='ocrx_word' id='word_1_160' title='bbox 548 2118 706 2186; x_wconf 88' lang='lat' dir='ltr'>hujus</span> <span class='ocrx_word' id='word_1_161' title='bbox 729 2115 1099 2185; x_wconf 90' lang='lat' dir='ltr'>prohibitionis</span> <span class='ocrx_word' id='word_1_162' title='bbox 1117 2119 1457 2184; x_wconf 85' lang='lat' dir='ltr'>transgressor</span> <span class='ocrx_word' id='word_1_163' title='bbox 1475 2113 1716 2164; x_wconf 83' lang='lat' dir='ltr'>extiterit</span> <span class='ocrx_word' id='word_1_164' title='bbox 1732 2113 1800 2165; x_wconf 92' lang='lat' dir='ltr'>ab</span> <span class='ocrx_word' id='word_1_165' title='bbox 1818 2113 2053 2183; x_wconf 88' lang='lat' dir='ltr'>ingressu</span> <span class='ocrx_word' id='word_1_166' title='bbox 2071 2114 2318 2166; x_wconf 90' lang='lat' dir='ltr'>ecclesiae</span> 
     </span>
     <span class='ocr_line' id='line_1_22' title="bbox 431 2198 2322 2268; baseline -0.004 -12"><span class='ocrx_word' id='word_1_167' title='bbox 431 2204 744 2256; x_wconf 88' lang='lat' dir='ltr'>interdictus</span> <span class='ocrx_word' id='word_1_168' title='bbox 782 2202 864 2262; x_wconf 23' lang='lat' dir='ltr'>*sit</span> <span class='ocrx_word' id='word_1_169' title='bbox 917 2218 978 2252; x_wconf 93' lang='lat' dir='ltr'>eo</span> <span class='ocrx_word' id='word_1_170' title='bbox 1034 2202 1181 2268; x_wconf 89' lang='lat' dir='ltr'>ipso;</span> <span class='ocrx_word' id='word_1_171' title='bbox 1241 2199 1492 2267; x_wconf 89' lang='lat' dir='ltr'>regularis</span> <span class='ocrx_word' id='word_1_172' title='bbox 1541 2214 1661 2250; x_wconf 89' lang='lat' dir='ltr'>vero</span> <span class='ocrx_word' id='word_1_173' title='bbox 1719 2214 1946 2266; x_wconf 91' lang='lat' dir='ltr'>poenam</span> <span class='ocrx_word' id='word_1_174' title='bbox 2005 2198 2322 2266; x_wconf 89' lang='lat' dir='ltr'>privationis</span> 
     </span>
     <span class='ocr_line' id='line_1_23' title="bbox 432 2281 2323 2354; baseline -0.004 -13"><span class='ocrx_word' id='word_1_175' title='bbox 432 2291 673 2342; x_wconf 91' lang='lat' dir='ltr'>omnium</span> <span class='ocrx_word' id='word_1_176' title='bbox 715 2287 1002 2340; x_wconf 85' lang='lat' dir='ltr'>officiorum</span> <span class='ocrx_word' id='word_1_177' title='bbox 1045 2302 1180 2354; x_wconf 89' lang='lat' dir='ltr'>quae</span> <span class='ocrx_word' id='word_1_178' title='bbox 1215 2289 1343 2335; x_wconf 91' lang='lat' dir='ltr'>tunc</span> <span class='ocrx_word' id='word_1_179' title='bbox 1377 2283 1658 2345; x_wconf 89' lang='lat' dir='ltr'>obtinebit,</span> <span class='ocrx_word' id='word_1_180' title='bbox 1683 2298 1744 2333; x_wconf 88' lang='lat' dir='ltr'>ac</span> <span class='ocrx_word' id='word_1_181' title='bbox 1767 2285 2049 2350; x_wconf 86' lang='lat' dir='ltr'>perpetuae</span> <span class='ocrx_word' id='word_1_182' title='bbox 2072 2281 2323 2334; x_wconf 87' lang='lat' dir='ltr'>inhabili-</span> 
     </span>
     <span class='ocr_line' id='line_1_24' title="bbox 431 2367 2320 2434; baseline -0.004 -8"><span class='ocrx_word' id='word_1_183' title='bbox 431 2375 562 2426; x_wconf 88' lang='lat' dir='ltr'>tatis</span> <span class='ocrx_word' id='word_1_184' title='bbox 602 2374 670 2425; x_wconf 90' lang='lat' dir='ltr'>ad</span> <span class='ocrx_word' id='word_1_185' title='bbox 710 2373 816 2424; x_wconf 90' lang='lat' dir='ltr'>alia</span> <span class='ocrx_word' id='word_1_186' title='bbox 839 2372 905 2423; x_wconf 93' lang='lat' dir='ltr'>de</span> <span class='ocrx_word' id='word_1_187' title='bbox 929 2374 1133 2422; x_wconf 87' lang='lat' dir='ltr'>caetero</span> <span class='ocrx_word' id='word_1_188' title='bbox 1152 2369 1457 2431; x_wconf 87' lang='lat' dir='ltr'>obtinenda,</span> <span class='ocrx_word' id='word_1_189' title='bbox 1482 2368 1725 2434; x_wconf 90' lang='lat' dir='ltr'>vocisque</span> <span class='ocrx_word' id='word_1_190' title='bbox 1749 2367 1955 2418; x_wconf 89' lang='lat' dir='ltr'>activae</span> <span class='ocrx_word' id='word_1_191' title='bbox 1978 2383 2043 2417; x_wconf 91' lang='lat' dir='ltr'>ac</span> <span class='ocrx_word' id='word_1_192' title='bbox 2067 2367 2320 2434; x_wconf 89' lang='lat' dir='ltr'>passivae,</span> 
     </span>
     <span class='ocr_line' id='line_1_25' title="bbox 432 2455 1578 2527; baseline -0.007 -16"><span class='ocrx_word' id='word_1_193' title='bbox 432 2461 625 2527; x_wconf 87' lang='lat' dir='ltr'>absque</span> <span class='ocrx_word' id='word_1_194' title='bbox 648 2458 754 2509; x_wconf 92' lang='lat' dir='ltr'>alia</span> <span class='ocrx_word' id='word_1_195' title='bbox 778 2455 1126 2508; x_wconf 87' lang='lat' dir='ltr'>declaratione</span> <span class='ocrx_word' id='word_1_196' title='bbox 1149 2455 1398 2505; x_wconf 87' lang='lat' dir='ltr'>incurrat.</span> <span class='ocrx_word' id='word_1_197' title='bbox 1576 2457 1578 2459; x_wconf 76' lang='grc'>’</span> 
     </span>
    </p>

    <p class='ocr_par' dir='ltr' id='par_1_5' title="bbox 429 2533 2323 2955">
     <span class='ocr_line' id='line_1_26' title="bbox 573 2533 2322 2611; baseline -0.004 -19"><span class='ocrx_word' id='word_1_198' title='bbox 573 2544 649 2611; x_wconf 80' lang='lat'>“§</span> <span class='ocrx_word' id='word_1_199' title='bbox 671 2543 738 2594; x_wconf 88' lang='lat'>26</span> <span class='ocrx_word' id='word_1_200' title='bbox 743 2576 1002 2592; x_wconf 92' lang='grc'><strong>.....</strong></span> <span class='ocrx_word' id='word_1_201' title='bbox 1048 2539 1352 2590; x_wconf 87' lang='lat' dir='ltr'>Teneantur</span> <span class='ocrx_word' id='word_1_202' title='bbox 1400 2537 1566 2588; x_wconf 90' lang='lat' dir='ltr'>iidem</span> <span class='ocrx_word' id='word_1_203' title='bbox 1617 2533 1877 2605; x_wconf 87' lang='lat' dir='ltr'>[rectores,</span> <span class='ocrx_word' id='word_1_204' title='bbox 1918 2534 2218 2602; x_wconf 79' lang='lat' dir='ltr'>superioreS,</span> <span class='ocrx_word' id='word_1_205' title='bbox 2265 2538 2322 2586; x_wconf 91' lang='lat' dir='ltr'>et</span> 
     </span>
     <span class='ocr_line' id='line_1_27' title="bbox 430 2619 2323 2696; baseline -0.007 -15"><span class='ocrx_word' id='word_1_206' title='bbox 430 2629 661 2682; x_wconf 90' lang='lat' dir='ltr'>ministri</span> <span class='ocrx_word' id='word_1_207' title='bbox 702 2642 1166 2696; x_wconf 90' lang='lat' dir='ltr'>quarumcumque,</span> <span class='ocrx_word' id='word_1_208' title='bbox 1203 2626 1322 2676; x_wconf 83' lang='lat' dir='ltr'>tum</span> <span class='ocrx_word' id='word_1_209' title='bbox 1359 2621 1707 2674; x_wconf 90' lang='lat' dir='ltr'>saecularium</span> <span class='ocrx_word' id='word_1_210' title='bbox 1734 2623 1855 2671; x_wconf 90' lang='lat' dir='ltr'>tum</span> <span class='ocrx_word' id='word_1_211' title='bbox 1877 2619 2216 2688; x_wconf 85' lang='lat' dir='ltr'>regularium,</span> <span class='ocrx_word' id='word_1_212' title='bbox 2239 2637 2323 2670; x_wconf 86' lang='lat' dir='ltr'>ec-</span> 
     </span>
     <span class='ocr_line' id='line_1_28' title="bbox 430 2704 2321 2783; baseline -0.006 -17"><span class='ocrx_word' id='word_1_213' title='bbox 430 2711 731 2783; x_wconf 90' lang='lat' dir='ltr'>clesiarum]</span> <span class='ocrx_word' id='word_1_214' title='bbox 776 2711 1044 2773; x_wconf 87' lang='lat' dir='ltr'>conficere,</span> <span class='ocrx_word' id='word_1_215' title='bbox 1087 2725 1391 2776; x_wconf 90' lang='lat' dir='ltr'>semperque</span> <span class='ocrx_word' id='word_1_216' title='bbox 1427 2708 1486 2758; x_wconf 91' lang='lat' dir='ltr'>in</span> <span class='ocrx_word' id='word_1_217' title='bbox 1527 2706 1642 2757; x_wconf 92' lang='lat' dir='ltr'>loco</span> <span class='ocrx_word' id='word_1_218' title='bbox 1666 2704 1837 2772; x_wconf 89' lang='lat' dir='ltr'>magis</span> <span class='ocrx_word' id='word_1_219' title='bbox 1859 2704 2068 2772; x_wconf 87' lang='lat' dir='ltr'>patenti</span> <span class='ocrx_word' id='word_1_220' title='bbox 2091 2707 2147 2755; x_wconf 89' lang='lat' dir='ltr'>et</span> <span class='ocrx_word' id='word_1_221' title='bbox 2170 2704 2321 2755; x_wconf 92' lang='lat' dir='ltr'>obvio</span> 
     </span>
     <span class='ocr_line' id='line_1_29' title="bbox 429 2789 2321 2861; baseline -0.007 -9"><span class='ocrx_word' id='word_1_222' title='bbox 429 2802 650 2853; x_wconf 91' lang='lat' dir='ltr'>retinere</span> <span class='ocrx_word' id='word_1_223' title='bbox 688 2796 939 2848; x_wconf 91' lang='lat' dir='ltr'>tabellam</span> <span class='ocrx_word' id='word_1_224' title='bbox 978 2811 1192 2846; x_wconf 89' lang='lat' dir='ltr'>onerum</span> <span class='ocrx_word' id='word_1_225' title='bbox 1231 2796 1605 2861; x_wconf 81' lang='lat' dir='ltr'>perpetuorum</span> <span class='ocrx_word' id='word_1_226' title='bbox 1635 2794 1692 2842; x_wconf 89' lang='lat' dir='ltr'>et</span> <span class='ocrx_word' id='word_1_227' title='bbox 1714 2790 2104 2858; x_wconf 81' lang='lat' dir='ltr'>temporalium,</span> <span class='ocrx_word' id='word_1_228' title='bbox 2127 2789 2321 2853; x_wconf 86' lang='lat' dir='ltr'>litteris</span> 
     </span>
     <span class='ocr_line' id='line_1_30' title="bbox 432 2878 1866 2955; baseline -0.008 -17"><span class='ocrx_word' id='word_1_229' title='bbox 432 2884 717 2955; x_wconf 83' lang='lat' dir='ltr'>perspicuis</span> <span class='ocrx_word' id='word_1_230' title='bbox 742 2885 797 2933; x_wconf 91' lang='lat' dir='ltr'>et</span> <span class='ocrx_word' id='word_1_231' title='bbox 819 2878 1248 2948; x_wconf 85' lang='lat' dir='ltr'>intelligibilibus</span> <span class='ocrx_word' id='word_1_232' title='bbox 1273 2878 1652 2945; x_wconf 89' lang='lat' dir='ltr'>descriptorum</span> <span class='ocrx_word' id='word_1_233' title='bbox 1691 2913 1704 2927; x_wconf 92' lang='lat'>.</span> <span class='ocrx_word' id='word_1_234' title='bbox 1745 2913 1758 2927; x_wconf 92' lang='lat'><strong>.</strong></span> <span class='ocrx_word' id='word_1_235' title='bbox 1797 2913 1813 2927; x_wconf 88' lang='lat'><strong>.</strong></span> <span class='ocrx_word' id='word_1_236' title='bbox 1852 2913 1866 2926; x_wconf 91' lang='lat'><strong>.</strong></span> 
     </span>
    </p>

    <p class='ocr_par' dir='ltr' id='par_1_6' title="bbox 429 2954 2338 3546">
     <span class='ocr_line' id='line_1_31' title="bbox 571 2954 2322 3036; baseline -0.005 -18"><span class='ocrx_word' id='word_1_237' title='bbox 571 2974 606 3001; x_wconf 78' lang='lat'>‘⁶</span> <span class='ocrx_word' id='word_1_238' title='bbox 624 2969 648 3036; x_wconf 63' lang='grc' dir='ltr'><strong>ξ</strong></span> <span class='ocrx_word' id='word_1_239' title='bbox 669 2966 755 3019; x_wconf 86' lang='grc'>27.</span> <span class='ocrx_word' id='word_1_240' title='bbox 799 2966 1074 3032; x_wconf 90' lang='lat' dir='ltr'>Iidemque</span> <span class='ocrx_word' id='word_1_241' title='bbox 1102 2961 1367 3033; x_wconf 86' lang='lat' dir='ltr'>[rectores,</span> <span class='ocrx_word' id='word_1_242' title='bbox 1392 2966 1514 3023; x_wconf 88' lang='lat' dir='ltr'>etc.‚</span> <span class='ocrx_word' id='word_1_243' title='bbox 1537 2954 1804 3030; x_wconf 76' lang='lat' dir='ltr'>ut&#39;supra]</span> <span class='ocrx_word' id='word_1_244' title='bbox 1832 2964 2111 3011; x_wconf 88' lang='lat' dir='ltr'>teneantur</span> <span class='ocrx_word' id='word_1_245' title='bbox 2127 2960 2322 3027; x_wconf 87' lang='lat' dir='ltr'>pariter</span> 
     </span>
     <span class='ocr_line' id='line_1_32' title="bbox 429 3043 2323 3111; baseline -0.007 -4"><span class='ocrx_word' id='word_1_246' title='bbox 429 3058 486 3108; x_wconf 91' lang='lat' dir='ltr'>in</span> <span class='ocrx_word' id='word_1_247' title='bbox 524 3052 742 3107; x_wconf 90' lang='lat' dir='ltr'>sacrario</span> <span class='ocrx_word' id='word_1_248' title='bbox 784 3052 913 3102; x_wconf 91' lang='lat' dir='ltr'>duos</span> <span class='ocrx_word' id='word_1_249' title='bbox 951 3050 1110 3100; x_wconf 92' lang='lat' dir='ltr'>libros</span> <span class='ocrx_word' id='word_1_250' title='bbox 1157 3048 1412 3107; x_wconf 87' lang='lat' dir='ltr'>retinere3</span> <span class='ocrx_word' id='word_1_251' title='bbox 1466 3063 1528 3097; x_wconf 92' lang='lat' dir='ltr'>ac</span> <span class='ocrx_word' id='word_1_252' title='bbox 1566 3047 1626 3096; x_wconf 92' lang='lat' dir='ltr'>in</span> <span class='ocrx_word' id='word_1_253' title='bbox 1674 3062 1852 3096; x_wconf 88' lang='lat' dir='ltr'>eorum</span> <span class='ocrx_word' id='word_1_254' title='bbox 1900 3045 2066 3096; x_wconf 91' lang='lat' dir='ltr'>altero</span> <span class='ocrx_word' id='word_1_255' title='bbox 2115 3043 2323 3111; x_wconf 82' lang='lat' dir='ltr'>singula</span> 
     </span>
     <span class='ocr_line' id='line_1_33' title="bbox 430 3128 2322 3206; baseline -0.008 -13"><span class='ocrx_word' id='word_1_256' title='bbox 430 3158 585 3193; x_wconf 90' lang='lat' dir='ltr'>onera</span> <span class='ocrx_word' id='word_1_257' title='bbox 626 3140 879 3206; x_wconf 87' lang='lat' dir='ltr'>perpetua</span> <span class='ocrx_word' id='word_1_258' title='bbox 914 3138 970 3186; x_wconf 91' lang='lat' dir='ltr'>et</span> <span class='ocrx_word' id='word_1_259' title='bbox 993 3133 1322 3201; x_wconf 91' lang='lat' dir='ltr'>temporalia,</span> <span class='ocrx_word' id='word_1_260' title='bbox 1347 3132 1407 3182; x_wconf 92' lang='lat' dir='ltr'>in</span> <span class='ocrx_word' id='word_1_261' title='bbox 1431 3131 1594 3182; x_wconf 89' lang='lat' dir='ltr'>altero</span> <span class='ocrx_word' id='word_1_262' title='bbox 1618 3134 1800 3182; x_wconf 92' lang='lat' dir='ltr'>autem</span> <span class='ocrx_word' id='word_1_263' title='bbox 1825 3131 2014 3181; x_wconf 90' lang='lat' dir='ltr'>Missas</span> <span class='ocrx_word' id='word_1_264' title='bbox 2038 3128 2322 3190; x_wconf 83' lang='lat' dir='ltr'>manualeS,</span> 
     </span>
     <span class='ocr_line' id='line_1_34' title="bbox 430 3215 2324 3288; baseline -0.008 -10"><span class='ocrx_word' id='word_1_265' title='bbox 430 3232 486 3279; x_wconf 88' lang='lat' dir='ltr'>et</span> <span class='ocrx_word' id='word_1_266' title='bbox 526 3231 640 3276; x_wconf 90' lang='lat' dir='ltr'>tam</span> <span class='ocrx_word' id='word_1_267' title='bbox 678 3223 887 3274; x_wconf 87' lang='lat' dir='ltr'>illorum</span> <span class='ocrx_word' id='word_1_268' title='bbox 933 3236 1092 3288; x_wconf 91' lang='lat' dir='ltr'>quam</span> <span class='ocrx_word' id='word_1_269' title='bbox 1127 3219 1348 3269; x_wconf 88' lang='lat' dir='ltr'>istarum</span> <span class='ocrx_word' id='word_1_270' title='bbox 1373 3216 1849 3283; x_wconf 86' lang='lat' dir='ltr'>adimplementum</span> <span class='ocrx_word' id='word_1_271' title='bbox 1874 3219 1930 3266; x_wconf 95' lang='lat' dir='ltr'>et</span> <span class='ocrx_word' id='word_1_272' title='bbox 1955 3215 2324 3281; x_wconf 84' lang='lat' dir='ltr'>eleemosynaS,</span> 
     </span>
     <span class='ocr_line' id='line_1_35' title="bbox 429 3298 2324 3373; baseline -0.007 -11"><span class='ocrx_word' id='word_1_273' title='bbox 429 3311 678 3363; x_wconf 88' lang='lat' dir='ltr'>distincte</span> <span class='ocrx_word' id='word_1_274' title='bbox 718 3311 774 3358; x_wconf 94' lang='lat' dir='ltr'>et</span> <span class='ocrx_word' id='word_1_275' title='bbox 815 3306 1099 3373; x_wconf 89' lang='lat' dir='ltr'>diligenter</span> <span class='ocrx_word' id='word_1_276' title='bbox 1139 3307 1407 3364; x_wconf 87' lang='lat' dir='ltr'>annotare,</span> <span class='ocrx_word' id='word_1_277' title='bbox 1447 3307 1503 3353; x_wconf 94' lang='lat' dir='ltr'>et</span> <span class='ocrx_word' id='word_1_278' title='bbox 1526 3302 1851 3352; x_wconf 90' lang='lat' dir='ltr'>annotandas</span> <span class='ocrx_word' id='word_1_279' title='bbox 1895 3317 1987 3351; x_wconf 93' lang='lat' dir='ltr'>seu</span> <span class='ocrx_word' id='word_1_280' title='bbox 2025 3298 2324 3349; x_wconf 88' lang='lat' dir='ltr'>annotanda</span> 
     </span>
     <span class='ocr_line' id='line_1_36' title="bbox 429 3382 2338 3460; baseline -0.008 -14"><span class='ocrx_word' id='word_1_281' title='bbox 429 3412 622 3456; x_wconf 89' lang='lat' dir='ltr'>curare,</span> <span class='ocrx_word' id='word_1_282' title='bbox 672 3391 994 3460; x_wconf 88' lang='lat' dir='ltr'>singulisque</span> <span class='ocrx_word' id='word_1_283' title='bbox 1042 3389 1192 3438; x_wconf 89' lang='lat' dir='ltr'>annis</span> <span class='ocrx_word' id='word_1_284' title='bbox 1232 3388 1298 3437; x_wconf 91' lang='lat' dir='ltr'>de</span> <span class='ocrx_word' id='word_1_285' title='bbox 1341 3386 1656 3453; x_wconf 88' lang='lat' dir='ltr'>supradictis</span> <span class='ocrx_word' id='word_1_286' title='bbox 1699 3384 2146 3452; x_wconf 78' lang='lat' dir='ltr'>adimplementiS,</span> <span class='ocrx_word' id='word_1_287' title='bbox 2190 3382 2338 3432; x_wconf 82' lang='lat' dir='ltr'>elce--</span> 
     </span>
     <span class='ocr_line' id='line_1_37' title="bbox 430 3465 2322 3546; baseline -0.008 -15"><span class='ocrx_word' id='word_1_288' title='bbox 430 3478 675 3546; x_wconf 82' lang='lat' dir='ltr'>mosyniS,</span> <span class='ocrx_word' id='word_1_289' title='bbox 701 3481 755 3526; x_wconf 92' lang='lat' dir='ltr'>et</span> <span class='ocrx_word' id='word_1_290' title='bbox 779 3474 1039 3534; x_wconf 89' lang='lat' dir='ltr'>oneribus,</span> <span class='ocrx_word' id='word_1_291' title='bbox 1063 3472 1259 3539; x_wconf 88' lang='lat' dir='ltr'>pariter</span> <span class='ocrx_word' id='word_1_292' title='bbox 1280 3475 1520 3522; x_wconf 85' lang='lat' dir='ltr'>exactam</span> <span class='ocrx_word' id='word_1_293' title='bbox 1544 3470 1805 3520; x_wconf 89' lang='lat' dir='ltr'>rationem</span> <span class='ocrx_word' id='word_1_294' title='bbox 1831 3469 1938 3519; x_wconf 88' lang='lat' dir='ltr'>suis</span> <span class='ocrx_word' id='word_1_295' title='bbox 1974 3465 2322 3534; x_wconf 84' lang='lat' dir='ltr'>superioribus</span> 
     </span>
    </p>
   </div>
   <div class='ocr_carea' id='block_1_3' title="bbox 435 3561 695 3614">
    <p class='ocr_par' dir='ltr' id='par_1_7' title="bbox 435 3561 695 3614">
     <span class='ocr_line' id='line_1_38' title="bbox 435 3561 695 3614; baseline -0.008 0"><span class='ocrx_word' id='word_1_296' title='bbox 435 3561 695 3614; x_wconf 90' lang='lat' dir='ltr'>reddere.&#39;&#39;</span> 
     </span>
    </p>
   </div>
  </div>
 </body>
</html>
