2514 4504
390 359 513 419 268
957 378 1118 422 cose.
1163 380 1327 423 PRov.
1374 381 1593 426 wssm.
1640 386 1719 427 ιν.

526 523 590 571 V.
642 523 837 574 Divina
862 524 1112 575 revelatio
1148 529 1228 575 est
1261 527 1571 594 imperfecta
1596 532 1653 580 et
1676 529 1875 581 idcirco
1907 531 2141 599 subjecta
2165 549 2286 583 con-

383 608 535 658 tinuo
558 612 613 657 et
639 608 916 660 indefinito
940 611 1249 679 progressui,
1274 612 1367 678 qui
1400 610 1663 664 humanae
1684 615 1916 685 *rationis
1940 617 2283 685 progressioni

382 693 712 759 respondeat.

638 796 775 847 Epist.
796 797 964 848 encycl.
983 798 1059 844 Qui
1072 799 1260 847 pluribus
1281 801 1304 838 9
1324 799 1590 851 Novembris,
1616 803 1732 842 1846.

638 862 773 902 Alloc.
794 865 979 903 Maxima
1001 866 1155 915 quidem
1174 868 1197 905 9
1217 865 1246 905 J
1248 865 1354 916 unii,
1381 868 1497 906 1862.

524 977 620 1029 VI.
672 976 867 1029 Christi
908 979 1038 1030 fides
1080 981 1342 1031 humanae
1391 982 1683 1049 refragatur
1730 983 1950 1043 rationi3
2001 984 2286 1052 divinaque

381 1063 636 1114 revelatio
677 1079 782 1114 non
828 1063 999 1114 solum
1042 1064 1181 1114 nihil
1215 1066 1446 1132 prodest,
1472 1083 1652 1116 verum
1688 1067 1854 1117 etiam
1878 1072 2033 1119 nocet
2056 1069 2285 1121 hominis

380 1148 710 1214 perfectioni.

636 1252 775 1304 Epist.
797 1251 957 1305 encycl.
982 1253 1059 1299 Qui
1071 1254 1257 1303 pluribus
1275 1255 1299 1293 9
1318 1253 1585 1303 Novembris,
1617 1257 1732 1296 1846.

637 1319 770 1359 Alloc.
791 1321 975 1359 Maxima
993 1322 1147 1371 quidem
1166 1323 1190 1360 9
1211 1319 1349 1370 Junii,
1374 1321 1492 1360 1862.

522 1437 649 1487 VII.
701 1435 1017 1504 Prophetiae
1056 1442 1112 1486 et
1153 1437 1407 1488 miracula
1440 1437 1498 1488 in
1533 1438 1689 1489 sacris
1721 1439 1941 1491 Litteris
1966 1441 2204 1508 exposita
2229 1445 2285 1493 et

378 1527 586 1573 narrata
624 1525 748 1572 sunt
779 1525 1055 1589 poetarum
1084 1526 1402 1584 commenta,
1426 1526 1483 1572 et
1507 1522 1825 1575 christianae
1868 1524 1993 1575 fidei
2035 1526 2284 1592 mysteria

377 1606 858 1675 philosophicarum
899 1606 1374 1673 investigationum
1418 1624 1623 1658 summa
1635 1625 1648 1668 3
1693 1613 1747 1658 et
1788 1609 2064 1676 utriusque
2102 1609 2284 1661 Testa-

378 1692 549 1743 menti
575 1691 723 1742 libris
742 1691 978 1759 mythica
997 1692 1336 1742 continentur
1360 1693 1602 1753 inventa3
1627 1694 1845 1760 ipseque
1869 1693 1903 1744 J
1904 1711 2020 1745 esus
2047 1693 2284 1746 Christus

378 1781 459 1828 est
483 1777 721 1846 mythica
745 1776 909 1828 fictio.

632 1872 769 1925 Epist.
793 1873 953 1925 encycl.
979 1873 1056 1919 Qui
1069 1873 1257 1923 plut-ihm
1277 1876 1300 1912 9
1320 1873 1589 1925 Novembris,
1617 1877 1733 1916 1846.

631 1937 769 1978 Alloc.
790 1938 975 1977 Maxima
993 1938 1146 1987 quidem
1165 1939 1189 1976 9
1208 1936 1345 1987 Junii,
1372 1939 1488 1978 1862.

1259 2124 1282 2190 ς
1323 2124 1399 2175 11.

912 2247 1365 2301 Rationalismus
1402 2248 1738 2303 moderatus.

518 2380 676 2431 VIII.
730 2379 903 2440 Quum
953 2379 1087 2429 ratio
1146 2378 1379 2429 humana
1436 2379 1539 2446 ipsi
1598 2379 1842 2447 religioni
1893 2381 2279 2449 aequiparetur,

374 2466 570 2516 idcirco
613 2464 943 2532 theologicae
992 2463 1302 2531 disciplinae
1345 2465 1564 2532 perinde
1607 2481 1668 2515 ac
1711 2465 2103 2534 philosophicae
2143 2470 2280 2518 trac-

378 2551 571 2602 tandae
597 2553 736 2601 sunt.

631 2654 766 2696 Anoc.
790 2655 998 2706 Sinqulari
1017 2655 1185 2705 quadam
1198 2653 1357 2705 perfusi
1377 2656 1401 2694 9
1421 2653 1679 2703 Decembris,
1704 2656 1819 2695 1854.

520 2768 620 2819 IX.
673 2767 866 2818 Omnia
890 2766 1359 2817 indiscriminatim
1384 2766 1638 2834 dogmata
1661 2767 1932 2836 religionis
1962 2767 2280 2820 christianae

376 2860 500 2905 sunt
525 2853 607 2921 obj
615 2858 793 2912 ectum
818 2852 1073 2902 naturalis
1111 2852 1362 2902 scientiae
1403 2868 1494 2902 seu
1535 2851 1923 2919 philosophiae3
1968 2857 2024 2903 et
2046 2853 2279 2904 humana

374 2940 509 2989 ratio
533 2938 782 2988 historice
807 2941 1022 2986 tantum
1060 2936 1270 2987 exculta
1303 2940 1480 3003 potest
1505 2953 1569 2986 ex
1595 2937 1701 2986 suis
1725 2936 2054 2987 naturalibus
2078 2937 2278 2988 viribus

376 3029 432 3075 et
455 3022 730 3091 principiis
754 3022 821 3071 ad
847 3038 1024 3071 veram
1067 3021 1133 3070 de
1176 3021 1420 3071 omnibus
1463 3020 1628 3070 etiam
1671 3020 2104 3070 reconditioribus
2147 3021 2274 3090 dog-

375 3108 607 3158 matibus
648 3106 927 3157 scientiam
966 3107 1250 3172 pervenire,
1274 3105 1431 3155 modo
1473 3103 1602 3154 haec
1641 3104 1894 3172 dogmata
1936 3105 2039 3171 ipsi
2081 3105 2277 3156 rationi

375 3198 651 3259 tamquam
676 3191 757 3258 obj
766 3195 943 3241 ectum
967 3191 1236 3257 proposita
1260 3190 1476 3240 fuerint.

630 3294 768 3347 Epist.
789 3294 843 3334 ad
861 3294 1059 3346 Archiep.
1081 3293 1266 3344 Frising.
1291 3294 1555 3333 Gravissima-3
1577 3295 1623 3332 11
1646 3292 1904 3341 Decembris,
1929 3294 2043 3333 1862.

630 3360 766 3413 Epist.
788 3359 842 3400 ad
862 3360 1054 3400 eumdem
1077 3361 1180 3399 Tuas
1201 3360 1363 3399 libenter
1401 3361 1448 3398 21
1472 3359 1732 3408 Decembris,
1759 3362 1875 3399 1863.

517 3477 587 3527 Χ.
639 3475 814 3536 Quum
853 3475 1000 3524 aliud
1038 3475 1108 3524 sit
1142 3473 1501 3540 philosophus,
1525 3474 1671 3524 aliud
1697 3473 2049 3541 philosophia,
2073 3473 2167 3524 ille
2182 3473 2272 3540 jus

374 3566 428 3613 et
454 3561 686 3613 officium
724 3559 883 3610 habet
924 3575 976 3609 se
1018 3558 1366 3609 submittendi
1408 3558 1733 3621 auctoritati,
1762 3575 1924 3624 quam
1965 3574 2137 3609 veram
2162 3558 2273 3625 ipse

2487 907 2514 1114 ..isarnus-.--v
2500 851 2502 854 v
2492 648 2501 654 ‘¹
2495 600 2498 601 ¹
2487 510 2491 511 ’
