2514 4504
385 340 509 400 264
940 361 1099 403 conc.
1147 360 1309 402 Paov.
1356 360 1575 402 wsssm.
1622 360 1697 402 1v.

378 522 552 557 veram
602 508 913 560 felicitatem
962 511 1021 560 in
1077 507 1315 559 homines
1374 523 1437 557 ex
1493 508 1719 575 augusta
1775 508 1949 555 nostra
2004 504 2271 572 religione,

378 590 593 659 ejusque
631 594 867 645 doctrina
906 598 961 644 et
1000 593 1250 644 exercitio
1287 591 1591 653 redundare,
1628 607 1690 641 ac
1727 589 1944 639 beatum
1973 605 2081 639 esse
2103 604 2273 655 popu-

378 675 508 738 lum,
533 677 681 745 cujus
706 678 964 729 Dominus
989 678 1129 730 Deus
1153 677 1304 745 ejus.¹

519 761 717 815 Docete
762 764 1062 816 Catholicae
1100 763 1227 814 fidei
1270 761 1618 812 fundamento
1656 775 1819 828 regna
1858 757 2174 821 subsistere,²
2217 761 2274 809 et

378 846 512 896 nihil
537 851 650 898 tam
675 850 1021 911 mortiferum,
1050 852 1163 898 tam
1200 861 1444 914 praeceps
1480 845 1549 895 ad
1588 861 1785 906 casum,
1824 846 1936 893 tam
1975 842 2274 910 expositum

377 931 445 980 ad
480 933 659 983 omnia
697 933 947 1000 pericula,
985 933 1046 995 si,
1076 931 1176 983 hoc
1210 930 1379 981 solum
1403 929 1554 979 nobis
1578 931 1830 996 putantes
1851 944 2001 995 posse
2025 927 2274 989 sufficere,

378 1017 516 1082 quod
574 1017 797 1068 liberum
855 1019 1149 1082 arbitrium,
1202 1036 1325 1070 cum
1381 1035 1727 1081 nasceremur,
1774 1019 2090 1086 accepimus,
2135 1017 2275 1068 ultra

369 1097 484 1164 jam
527 1116 559 1148 a
601 1099 827 1151 Domino
870 1102 1007 1151 nihil
1048 1119 1374 1169 quaeramuS,
1414 1102 1472 1152 id
1515 1106 1612 1165 est,
1648 1102 1877 1152 auctoris
1909 1101 2075 1152 nostri
2101 1100 2275 1164 obliti,

377 1182 488 1248 ejus
517 1185 831 1250 potentiam,
856 1191 918 1235 ut
950 1203 1043 1236 nos
1075 1187 1412 1237 ostendamus
1445 1186 1652 1249 liberOS,
1686 1185 2026 1252 abjmemus.3
2100 1185 2277 1252 Atque

377 1269 539 1342 etiarn
587 1285 655 1320 ne
702 1271 965 1321 omittatis
1015 1271 1195 1321 docere
1243 1262 1445 1340 regiam
1488 1273 1808 1338 potestatem
1850 1286 1957 1320 non
1998 1270 2067 1320 ad
2108 1269 2277 1321 solum

375 1354 564 1404 mundi
601 1355 854 1422 regimen,
894 1356 983 1406 sed
1021 1356 1255 1406 maxime
1287 1356 1355 1406 ad
1390 1355 1656 1407 Ecclesiae
1687 1355 2011 1423 praesidium
2039 1373 2149 1408 esse
2171 1355 2278 1408 col-

375 1439 580 1502 latam,4
619 1445 675 1491 et
710 1441 846 1490 nihil
890 1458 1016 1503 esse,
1059 1441 1199 1508 quod
1243 1441 1527 1492 civitatum
1570 1439 1906 1508 Principibus
1949 1445 2004 1492 et
2046 1441 2278 1510 Regibus

375 1525 562 1593 majori
586 1526 780 1576 fructui
806 1526 1103 1594 gloriaeque
1129 1543 1238 1576 esse
1261 1527 1446 1594 possit,
1471 1543 1633 1594 quam
1668 1526 1731 1589 si,
1763 1531 1828 1577 ut
1861 1526 2279 1594 sapientissimus

375 1611 791 1678 fortissimusque
836 1611 969 1662 alter
996 1611 1374 1662 *Praedecessor
1415 1611 1607 1663 Noster
1641 1611 1695 1663 S.
1736 1611 1892 1663 Felix
1928 1613 2130 1663 Zenoni
2167 1613 2279 1664 Im-

375 1698 600 1763 peratori
625 1697 993 1763 perscribebat,
1011 1701 1044 1727 ‘⁶
1063 1697 1352 1747 Ecclesiam
1380 1695 1707 1748 Catholicam
1746 1734 1760 1750 .
1812 1735 1825 1749 .
1877 1735 1891 1750 .
1943 1736 1956 1749 .
1993 1699 2172 1750 sinant
2193 1700 2280 1751 uti

373 1781 578 1848 legibus
618 1783 741 1843 suis,
782 1798 875 1831 nec
915 1781 1151 1832 libertati
1188 1782 1302 1849 ejus
1326 1799 1646 1850 quemquam
1670 1784 1988 1850 permittant-
2012 1783 2278 1835 obsistere.

374 1904 387 1917 .
440 1903 453 1918 .
506 1903 519 1916 .
559 1865 773 1918 Certum
799 1871 878 1917 est
904 1867 1048 1916 enim
1073 1867 1170 1917 hoc
1195 1867 1347 1917 rebus
1372 1867 1480 1917 suis
1505 1883 1614 1917 esse
1649 1867 1892 1931 salutare,
1930 1871 2012 1931 ut,
2051 1885 2173 1918 cum
2211 1868 2279 1920 de

373 1953 539 2002 causis
577 1951 674 2002 Dei
709 1958 916 2020 agatur,
939 1951 1100 2019 juxta
1134 1951 1301 2018 ipsius
1327 1952 1699 2011 constitutum,
1723 1954 1923 2022 regiam
1947 1953 2279 2005 voluntatem

375 2036 736 2088 Sacerdotibus
763 2034 958 2087 Christi
985 2036 1235 2086 studeant
1260 2037 1497 2100 subdere,
1521 2053 1627 2088 non
1652 2036 1984 2104 praeferre.''⁵

517 2121 620 2173 Sed
663 2122 707 2172 si
751 2138 970 2189 semper,
1014 2122 1348 2173 Venerabiles
1391 2122 1617 2186 Fratres,
1659 2139 1802 2174 nunc
1842 2123 2179 2190 potissimum
2218 2124 2279 2175 in

371 2207 536 2258 tantis
594 2207 859 2257 Ecclesiae
916 2205 1190 2274 civilisque
1246 2207 1511 2258 societatis
1561 2208 1973 2271 calamitatibus,
2020 2208 2079 2258 in
2125 2211 2279 2259 tanta

371 2293 780 2343 adversariorum
838 2295 1018 2342 contra
1074 2309 1184 2341 rem
1242 2292 1559 2343 catholicam
1617 2297 1674 2344 et
1728 2291 1863 2343 hanc
1919 2292 2278 2360 Apostolicam

373 2376 562 2428 Sedem
596 2377 979 2444 conspiratione
1012 2380 1268 2444 tantaque
1291 2395 1521 2428 errorum
1546 2378 1805 2447 congerie,
1829 2394 2036 2429 necesse
2061 2378 2278 2428 omnino

299 2527 303 2531 ⁸
372 2467 467 2525 est,
492 2467 557 2512 ut
580 2463 828 2513 adeamus
854 2479 977 2512 cum
1002 2462 1198 2512 fiducia
1231 2463 1298 2513 ad
1338 2462 1589 2512 thronum
1628 2462 1849 2530 gratiae,
1887 2466 1952 2513 ut
1990 2463 2280 2514 misericor-

371 2549 513 2599 diam
542 2565 934 2616 consequamur,
960 2552 1015 2598 et
1039 2548 1269 2616 gratiam
1301 2548 1634 2598 inveniamus
1659 2547 1716 2596 in
1742 2547 1941 2598 auxilio
1966 2552 2277 2615 opportuno,

373 2634 624 2695 Quocirca
648 2635 889 2684 omnium
914 2632 1154 2683 fidelium
1184 2632 1444 2700 pietatem
1482 2633 1709 2682 excitare
1741 2632 2179 2695 existimavimuS,
2214 2637 2279 2683 ut

372 2736 478 2770 una
519 2719 808 2770 Nobiscum
849 2717 1115 2784 Vobisque
1156 2716 1630 2767 clementissimum
1671 2717 1939 2768 luminum
1978 2722 2035 2769 et
2075 2718 2278 2770 miseri-

373 2805 666 2856 cordiarum
716 2804 932 2854 Patrem
976 2802 1376 2853 ferventissimis
1419 2801 1842 2869 humillimisque
1882 2802 2124 2870 precibus
2166 2804 2278 2854 sine

374 2890 757 2940 intermissione
782 2892 946 2957 orent,
973 2892 1028 2938 et
1053 2888 1340 2949 obsecrent,
1366 2891 1421 2937 et
1453 2887 1511 2937 in
1543 2887 1878 2955 plenitudine
1916 2887 2040 2938 fidei
2079 2905 2279 2956 semper

374 2970 686 3040 confugiant
711 2971 778 3021 ad
802 2970 1094 3020 Dominum
1120 2969 1372 3019 Nostrum
1396 2968 1433 3019 J
1433 2986 1580 3019 esum
1617 2967 1904 3030 Christum,
1935 2969 2029 3036 qui
2053 2969 2280 3020 redemit

373 3075 467 3108 nos
502 3057 612 3107 Deo
649 3057 708 3106 in
745 3056 1002 3123 sanguine
1039 3072 1149 3118 suo,
1188 3054 1421 3122 Ejusque
1459 3054 1826 3105 dulcissimum
1862 3054 1959 3106 Cor
1982 3054 2277 3121 flagrantis-

377 3143 536 3194 simae
562 3159 684 3211 erga
707 3158 801 3192 nos
838 3140 1075 3190 caritatis
1111 3139 1390 3189 victimam
1429 3140 1581 3189 enixe
1608 3138 1917 3207 jugiterque
1951 3142 2180 3202 exorent,
2215 3142 2281 3189 ut

1178 3291 1192 3316 ²
1215 3292 1371 3332 Psalm.
1419 3294 1444 3332 4
1475 3321 1486 3333 .

607 3359 682 3403 ΜΒ.
705 3361 879 3403 Caelest.
903 3361 1024 3413 epist.
1048 3363 1114 3400 22.
1135 3360 1190 3400 ad
1209 3359 1366 3412 Synod.
1389 3295 1546 3413 Epziies.
1568 3359 1681 3412 apud
1700 3359 1845 3401 Const.
1867 3373 1910 3413 p.
1937 3363 2053 3401 1200.

485 3433 506 3458 ⁸
528 3430 573 3471 S.
595 3430 812 3470 Innocent.
834 3428 872 3468 I.
894 3427 1014 3480 epist.
1036 3428 1100 3467 29.
1123 3426 1190 3467 ad.
1212 3426 1353 3479 Episc.
1373 3439 1488 3467 conc.
1512 3426 1711 3479 Carthag.
1733 3426 1846 3479 apud
1864 3427 2006 3468 Const.
2027 3440 2069 3479 p.
2094 3429 2186 3468 891.

980 3494 999 3516 ⁴
1023 3494 1066 3534 S.
1089 3494 1189 3544 Leo,
1212 3493 1352 3546 Epist.
1379 3494 1469 3534 156.
1492 3494 1547 3535 al.
1573 3495 1663 3534 125.

758 3558 860 3599 Pius
878 3558 981 3598 V11.
1004 3557 1141 3610 Epist.
1163 3557 1340 3610 Encycl.
1363 3558 1452 3597 Diu
1469 3559 1580 3598 satis.
1607 3559 1669 3597 15.
1692 3556 1817 3613 Maji,
1844 3558 1960 3598 1800.
