2514 4504
402 406 524 467 346
1186 425 1424 467 Anm'no
1469 427 1508 467 1.

395 567 769 639 Episcopatus
795 567 1128 621 successione
1154 568 1436 621 charisma
1460 569 1709 622 veritatis
1741 577 1970 636 certum,
1995 571 2306 626 secundum

392 652 674 723 placitum
709 653 922 718 Patris,
959 659 1288 724 acceperunt
1301 676 1318 717 ;
1369 660 1530 724 atque
1568 658 1692 708 inde
1735 657 1817 721 fit,
1859 659 2305 726 quemadmodum

398 739 452 791 S.
475 739 764 807 Cyprianus
783 742 1002 804 monet,1
1032 745 1097 792 ut
1121 738 1363 792 Ecclesia
1387 758 1559 811 super
1582 741 1886 812 Episcopos
1910 741 2305 808 constituatur,

397 828 446 876 et
471 822 656 877 omnis
680 828 835 877 actus
860 823 1132 877 Ecclesiae
1149 842 1256 895 per
1281 825 1493 879 eosdem
1515 826 1871 897 Praepositos
1894 827 2250 896 9ubernetur.

542 925 687 975 Huic
744 942 864 976 sane
920 926 1148 993 sapienti
1197 925 1415 976 consilio
1463 926 1687 977 mirifice
1735 928 2006 995 respondit
2054 931 2306 988 eventus3

398 1010 550 1078 plura
574 1010 830 1060 nimirum
857 1008 1092 1061 Concilia
1116 1010 1462 1077 provincialia
1490 1011 1765 1074 celebrata,
1790 1029 1924 1079 quae
1954 1011 2308 1064 saluberrimis

399 1096 605 1165 legibus
644 1095 888 1167 religiosa
925 1096 1242 1146 dioecesium
1278 1096 1494 1164 negotia
1528 1096 1868 1147 ordinarunt:
1920 1096 2082 1148 latius
2120 1112 2309 1164 propa-

398 1186 527 1251 gata
567 1182 627 1231 in
663 1182 775 1232 dies
815 1181 1075 1232 catholica
1112 1180 1259 1244 fides,
1293 1186 1349 1233 et
1385 1182 1676 1249 complures
1709 1182 1992 1234 nobilitate
2024 1182 2229 1252 generis
2253 1187 2310 1232 et

401 1267 639 1318 doctrina
696 1270 1019 1333 praestantes
1072 1267 1141 1317 ad
1189 1267 1457 1318 unitatem
1507 1266 1770 1318 Ecclesiae
1818 1268 2082 1319 revocati:
2144 1266 2311 1318 clerus

400 1353 687 1404 admodum
712 1356 929 1402 auctus:
968 1356 1156 1402 auctae
1180 1353 1377 1419 pariter
1400 1352 1676 1420 religiosae
1702 1353 1889 1403 domus
1917 1368 2025 1404 non
2057 1352 2215 1404 modo
2247 1368 2311 1402 ex

401 1436 728 1507 regularibus
762 1436 1051 1499 ordinibuS,
1084 1437 1175 1487 sed
1208 1454 1272 1488 ex
1305 1437 1373 1488 iis
1413 1437 1579 1488 etiam
1614 1438 1989 1489 recentioribus
2027 1436 2312 1498 institutiS,

401 1540 536 1591 quae
574 1522 906 1573 moderandis
943 1521 1358 1573 adolescentium
1394 1523 1644 1586 moribus,
1681 1523 1766 1574 vel
1802 1523 2039 1574 caritatis
2072 1521 2312 1590 operibus

403 1608 699 1660 exercendis
723 1609 925 1675 optime
950 1608 1014 1659 de
1038 1625 1093 1659 re
1117 1609 1404 1660 christiana
1429 1613 1485 1660 et
1509 1609 1658 1660 civili
1691 1609 1944 1660 societate
1975 1610 2310 1659 meruerunt:

403 1693 696 1745 constituta
743 1693 834 1760 pia
881 1692 1136 1743 laicorum
1187 1693 1463 1744 sodalitia:
1513 1710 1679 1744 novae
1728 1693 2001 1744 missiones
2042 1707 2313 1758 novaeque

403 1778 668 1829 Ecclesiae
705 1777 1042 1844 quamplures
1079 1781 1296 1841 erectae,
1337 1777 1505 1829 nobili
1546 1778 1812 1828 instructu
1855 1777 2067 1840 divites,
2104 1776 2314 1846 egregio

403 1864 553 1915 cultu
592 1863 834 1922 decorae3
890 1861 1154 1929 permulta
1195 1862 1359 1913 etiam
1395 1863 1530 1913 item
1566 1863 1782 1913 condita
1826 1862 2072 1929 orphanis
2110 1860 2314 1912 alendis

404 1947 652 2015 hospitia,
704 1947 999 2010 seminaria,
1049 1947 1273 2015 collegia
1321 1951 1376 1998 et
1425 1948 1647 2011 scholae,
1698 1949 1754 1998 in
1803 1948 1996 2014 quibus
2052 1947 2203 2014 pueri
2258 1953 2314 1996 et

405 2034 757 2085 adolescentes
781 2033 1195 2100 frequentissimi
1220 2033 1288 2084 ad
1313 2033 1574 2101 pietatem
1599 2050 1659 2083 ac
1684 2032 1891 2083 litteras
1915 2031 2289 2082 instituuntur.

551 2130 711 2200 Cujus
737 2131 954 2198 quidem
978 2131 1053 2181 rei
1077 2130 1191 2182 laus
1215 2147 1321 2182 non
1346 2132 1538 2198 exigua
1562 2131 1843 2182 tribuenda
1869 2134 1949 2181 est
1974 2129 2313 2180 Britannicae

408 2220 583 2289 gentis
623 2218 856 2287 ingenie,
894 2218 1035 2285 quod
1072 2221 1232 2284 prout
1262 2220 1504 2268 constans
1530 2220 1585 2267 et
1610 2216 1871 2266 invictum
1897 2219 1978 2266 est
2001 2219 2183 2266 contra
2203 2215 2316 2265 vim

409 2306 697 2366 adversam,
716 2303 796 2352 ita
820 2301 1060 2352 veritatis
1086 2305 1141 2352 et
1165 2301 1385 2352 rationis
1410 2318 1535 2351 voce
1561 2300 1714 2351 facile
1739 2299 1990 2362 flectitur,
2009 2303 2074 2350 ut
2097 2299 2316 2367 proinde

408 2404 527 2439 vere
576 2386 639 2436 de
697 2385 825 2452 ipsis
882 2383 1077 2434 dixerit
1140 2382 1497 2437 Tertullianus
1559 2380 1979 2433 Britannorum
2040 2379 2316 2432 inaccessa

407 2468 685 2525 Romanis
730 2466 866 2531 loca,
908 2464 1124 2519 Christo
1161 2465 1437 2535 subjecta.2
1518 2466 1591 2517 At
1626 2467 1967 2534 praecipuum
2004 2466 2105 2518 sibi
2142 2465 2315 2517 laudis

409 2556 663 2608 meritum
700 2553 975 2604 vindicant
1018 2570 1139 2604 cum
1185 2553 1392 2604 assidua
1435 2552 1814 2619 Episcoporum
1855 2551 2156 2621 vigilantia,
2196 2553 2316 2602 tum

412 2641 549 2694 Cleri
609 2639 839 2691 universi
900 2638 1087 2690 docilis
1147 2639 1214 2689 ad
1274 2638 1567 2706 parendum
1627 2637 1889 2701 voluntas,
1944 2639 2190 2705 prompta
2247 2635 2316 2686 ad

413 2727 679 2796 agendum
706 2724 953 2775 sollertia.
2350 2711 2354 2714 ⁴

554 2822 918 2873 Nihilominus
977 2823 1235 2889 quaedam
1283 2839 1347 2872 ex
1401 2821 1517 2888 ipsa
1577 2838 1750 2872 rerum
1812 2821 2115 2873 conditione
2173 2823 2318 2871 ortae

413 2907 755 2960 difficultates
797 2907 1163 2973 dissensusque
1206 2907 1347 2956 inter
1390 2922 1651 2957 sacrorum
1693 2905 1978 2956 Antistites
2020 2909 2077 2956 et
2118 2904 2318 2956 sodales

414 2995 659 3046 ordinum
701 2991 1063 3060 religiosorum
1107 2991 1444 3053 obstiterunt,
1487 2990 1770 3058 quominus
1811 2990 2070 3041 uberiores
2117 2990 2318 3040 fructus

414 3078 820 3147 perciperentur.
882 3075 973 3125 Illi
999 3077 1160 3138 enim,
1187 3093 1309 3125 cum
1334 3074 1656 3142 praescripta
1681 3074 1866 3124 fuisset
1890 3091 1982 3141 per
2005 3078 2320 3125 memoratas

416 3163 646 3213 Litteras
682 3160 1094 3211 Praedecessoris
1126 3158 1308 3210 Nostri
1347 3159 1644 3210 communis
1673 3159 1812 3227 juris
1848 3159 2193 3221 observantia,
2215 3157 2319 3208 rati

418 3252 544 3300 sunt
568 3264 621 3297 se
644 3263 794 3313 posse
818 3246 998 3296 omnia
1027 3245 1298 3295 decernere
1329 3261 1465 3311 quae
1497 3244 1564 3294 ad
1597 3244 1763 3311 ipsius
1789 3243 1922 3311 juris
1957 3243 2320 3294 executionem

416 3333 704 3402 pertinent,
729 3347 927 3397 quaeve
964 3347 1028 3380 ex
1063 3328 1292 3397 generali
1332 3329 1596 3379 Ecclesiae
1625 3328 1906 3395 disciplina
1941 3327 2319 3396 Episcoporum

418 3417 674 3487 potestati
712 3417 964 3484 permissa
1004 3418 1143 3466 sunt.
1217 3414 1399 3465 Plures
1439 3417 1620 3464 contra
1659 3430 1943 3482 gravesque
1980 3429 2163 3464 causae
2203 3429 2321 3480 pro-

419 3503 692 3563 hibebant,
717 3519 784 3552 ne
807 3501 1088 3569 peculiaris
1113 3500 1422 3551 missionum
1451 3498 1750 3566 disciplina,
1774 3515 1907 3566 quae
1922 3498 2040 3566 jam
2065 3498 2321 3549 invetera-

630 3653 645 3674 ¹
667 3654 804 3706 Epist.
829 3656 877 3693 29
898 3654 971 3693 Ad
988 3655 1126 3703 lapsos.
1486 3648 1503 3671 ²
1526 3648 1622 3690 Lib.
1644 3649 1752 3690 Adv.
1776 3650 1942 3689 Judaeos
1960 3661 2050 3702 cap.
2072 3649 2112 3690 5.
