2514 4504
914 554 1002 600 111.
1049 556 1292 601 APPEND.
1342 560 1420 603 lv.
2029 545 2108 606 91

1122 865 1220 922 IV.

274 1036 372 1087 DE
411 1035 662 1089 FESTIS
701 1035 755 1088 S.
794 1036 1158 1090 GREGORII
1200 1037 1466 1101 MAGNI,
1502 1037 1596 1089 ET
1635 1036 1686 1091 S.
1728 1036 1971 1089 BEDAE
2007 1033 2066 1089 O.

216 1205 531 1256 Beatissimo
558 1204 733 1268 Pater,

358 1286 492 1338 Cum
521 1286 573 1338 S.
601 1287 886 1354 Gregorius
919 1288 1150 1356 Magnus
1187 1305 1390 1357 semper
1426 1288 1640 1340 habitus
1674 1288 1836 1339 fuerit
1871 1291 2128 1354 tanquam

214 1371 496 1440 Apostolus
520 1372 697 1438 gentis
723 1371 1015 1440 Anglorum
1042 1377 1097 1423 et
1121 1374 1341 1441 proinde
1378 1373 1633 1440 peculiari
1672 1372 1899 1440 quodam
1937 1371 2128 1421 honore

215 1452 463 1504 colendus
501 1453 590 1515 sit,
628 1452 677 1503 N
682 1452 880 1504 icolaus
917 1453 1204 1517 Wiseman‚
1242 1453 1534 1523 Episcopus
1566 1454 2037 1521 Melipommensis,
2073 1456 2131 1503 et

214 1535 442 1587 Jacobus
479 1534 738 1601 SharpleS‚
778 1534 1071 1603 Episcopus
1110 1535 1470 1598 SamariensiS‚
1505 1537 1844 1586 districtuum
1883 1533 2129 1585 centralis

213 1627 269 1672 et
293 1621 704 1671 Lanoastriensis
725 1619 882 1688 Coadj
891 1626 1080 1685 utoreS,
1097 1622 1164 1672 ad
1183 1622 1340 1688 pedes
1360 1620 1414 1672 S.
1434 1621 1499 1672 V.
1520 1621 1823 1671 humillime
1846 1618 2129 1687 provoluti,

215 1706 517 1774 supplicant
555 1711 620 1757 ut
660 1707 888 1776 benigne
925 1706 1175 1775 dignetur
1211 1707 1486 1776 indulgere
1525 1711 1587 1756 ut
1623 1706 1859 1772 ejusdem
1896 1703 2130 1755 officium

216 1792 313 1843 sub
337 1793 446 1842 ritu
470 1791 699 1859 duplicis
725 1791 983 1842 secundae
1009 1791 1186 1842 classis
1210 1791 1269 1842 in
1294 1791 1489 1860 Anglia
1527 1792 1693 1858 possit
1718 1791 1774 1840 in
1813 1793 2130 1857 perpetuum

217 1877 492 1929 observari.

361 1961 599 2030 Cumque
636 1963 824 2031 ingens
863 1978 1064 2030 semper
1108 1962 1268 2013 fuerit
1310 1961 1523 2013 devotio
1567 1977 1689 2030 erga
1733 1960 1867 2011 Ven.
1914 1958 2131 2020 Bedam‚

216 2048 299 2116 cuj
307 2066 368 2099 us
393 2049 588 2099 festum
614 2048 841 2099 occurrit
866 2047 952 2098 die
988 2049 1056 2098 29
1099 2046 1357 2110 OctobriS,
1396 2046 1700 2114 supplicant
1736 2046 1931 2113 pariter
1967 2049 2031 2094 ut
2066 2043 2132 2093 de

216 2135 399 2186 eodem
425 2133 621 2185 Sancto
646 2133 761 2185 fieri
787 2134 954 2200 possit
979 2133 1076 2183 sub
1100 2133 1211 2184 ritu
1236 2132 1468 2200 duplicis
1488 2132 1700 2198 majoris
1720 2132 1776 2181 in
1797 2134 2130 2198 perpetuum.

362 2219 544 2288 thue
595 2219 767 2288 magis
818 2235 879 2269 ac
919 2219 1089 2286 magis
1126 2222 1383 2288 augeatur
1425 2217 1668 2268 fidelium
1706 2217 1895 2283 pietas,
1931 2214 2134 2282 petitur

214 2305 430 2373 insuper
466 2309 530 2356 ut
567 2322 747 2356 omnes
787 2303 1185 2366 christifideles,
1225 2304 1319 2371 qui
1355 2304 1456 2354 rite
1490 2302 1711 2353 confessi
1749 2304 1803 2352 et
1841 2299 1895 2351 S.
1936 2298 2132 2367 synaxi

216 2393 400 2443 refecti
420 2392 607 2443 diebus
633 2391 836 2441 festivis
865 2389 917 2441 S.
945 2389 1188 2458 Gregorii
1213 2393 1268 2439 et
1293 2388 1427 2439 Ven.
1463 2387 1638 2438 Bedae
1663 2387 1730 2436 ad
1756 2386 1930 2436 Deum
1956 2397 2133 2451 preces

218 2477 469 2539 fuderint,
486 2477 647 2545 juxta
672 2480 908 2526 mentem
936 2475 988 2526 S.
1015 2475 1080 2525 V.
1107 2474 1504 2542 indulgentiam
1529 2472 1821 2540 plenariam
1848 2471 2133 2531 lucrentur,

218 2562 277 2612 in
324 2566 660 2629 perpetuum,
708 2562 767 2611 in
817 2560 1030 2629 Anglia,
1078 2564 1243 2628 atque
1291 2562 1356 2610 ut
1402 2558 1588 2609 eadem
1638 2555 1994 2623 indulgentia,
2043 2570 2135 2621 per

219 2648 439 2698 modum
490 2646 747 2713 suffragii,
796 2645 1073 2695 animabus
1122 2644 1181 2694 in
1230 2643 1543 2712 Purgatorio
1594 2640 1824 2692 detentis
1875 2639 2132 2707 applicari

218 2734 401 2802 possit.
476 2733 662 2795 Quare,
686 2736 788 2782 etc.

362 2818 445 2868 Ex
470 2817 746 2869 audientia
772 2815 1126 2878 sanctissimi,
1146 2814 1330 2865 habita
1350 2813 1434 2864 die
1453 2823 1580 2862 XVII
1599 2810 1634 2862 J
1636 2810 1754 2872 ulii,
1774 2818 2132 2860 MDGOCXLVII.

365 2902 740 2955 Sanctissimus
765 2901 1025 2951 Dominus
1050 2899 1240 2950 Noster
1265 2897 1414 2959 Pius,
1439 2896 1621 2947 divina
1647 2894 1989 2945 Providentia
2023 2892 2132 2943 ΡΡ.

221 2988 322 3052 ΙΧ,
351 2989 606 3039 referente
642 3004 728 3038 me
765 2986 1099 3052 infrascripto
1138 2983 1324 3034 Sacrae
1363 2979 1796 3049 Congregationis
1834 2979 1899 3028 de
1937 2978 2134 3045 Propa-

219 3075 394 3144 ganda
443 3074 580 3124 Fide
624 3071 855 3134 officiali,
899 3069 1164 3138 perpensis
1206 3067 1478 3134 expositiS,
1528 3065 1757 3133 benigne
1806 3064 1995 3114 annuit
2042 3079 2134 3129 pro

218 3160 392 3228 gratia
417 3159 476 3210 in
499 3158 746 3209 omnibus
770 3173 903 3224 quae
940 3156 1044 3206 isto
1082 3153 1313 3221 supplici
1350 3151 1530 3202 libello
1555 3155 1831 3217 petuntur,
1855 3154 1911 3198 et
1950 3147 2134 3198 Indul-

222 3245 429 3313 gentias
454 3244 520 3294 de
545 3242 738 3310 quibus
764 3241 943 3309 agitur
978 3239 1204 3305 benigne
1242 3237 1300 3286 in
1333 3238 1649 3303 perpetuum
1675 3233 1962 3284 concessit:
2012 3248 2135 3283 con-

221 3329 396 3380 trariis
422 3328 824 3396 quibuscunque
847 3324 1072 3375 minime
1097 3322 1450 3374 obstantibus·

366 3413 569 3464 Datum
605 3411 824 3475 Romae,
860 3428 925 3462 ex
960 3410 1144 3461 Aedib.
1185 3408 1299 3460 Sao.
1340 3406 1523 3475 cong„
1552 3405 1639 3455 die
1676 3408 1732 3454 et
1767 3418 1905 3452 anno
1942 3401 2135 3469 quibus

223 3515 395 3567 supra.

369 3581 548 3633 Gratis
573 3581 686 3632 sine
710 3580 822 3631 ulla
846 3581 1062 3630 omnino
1088 3578 1348 3630 solutione
1373 3591 1686 3643 quocunque
1713 3572 1889 3623 titulo.

772 3686 807 3738 J
813 3685 914 3738 .-B.
943 3684 1236 3738 Canonicus
1263 3684 1478 3744 ΡΑιΜΑ,
1506 3680 1559 3731 S.
1589 3678 1751 3747 Cong.
1781 3670 2059 3744 Officialis.

405 3773 468 3824 L.
495 3771 566 3843 ›1‹
592 3772 646 3825 S.
