2514 4504
1094 534 1372 579 DECRETA.
2137 513 2181 574 9

283 686 466 736 divina
514 685 686 737 officia
746 702 988 754 peragere
1038 684 1223 735 diebus
1272 701 1363 751 per
1411 685 1736 752 episcopum,
1785 685 2006 735 ineunte
2053 700 2191 735 anno

283 771 639 837 designandiS‚
676 771 860 821 habita
890 770 1111 832 ratione,
1152 771 1195 821 si
1239 769 1352 820 fieri
1396 771 1580 838 possit,
1607 770 1933 821 solemnioris
1970 769 2193 837 alicujus

283 854 406 906 festi
446 855 503 906 in
546 856 730 907 eodem
773 872 950 907 mense
989 855 1293 918 incidentis,
1319 855 1559 906 canonici
1597 859 1895 906 teneantur.
1972 855 2051 904 Ea
2076 870 2195 904 vero

283 940 552 991 occasione
600 939 918 1008 capitulares
966 945 1255 992 conventus
1304 939 1482 992 haberi
1532 944 1798 1008 poterunt.
1899 939 2195 1007 Episcopus

285 1043 405 1076 vero
454 1026 735 1094 praefiniet
781 1027 992 1095 quando
1034 1027 1178 1094 apud
1227 1026 1405 1093 ipsum
1449 1026 1521 1076 sit
1569 1029 1859 1076 conventus
1908 1025 2197 1087 habendus,

284 1113 589 1179 praesertim
631 1129 725 1180 pro
767 1112 999 1182 negotiis
1041 1113 1178 1163 circa
1218 1129 1371 1179 quae,
1413 1128 1477 1163 ex
1520 1110 1575 1163 S.
1603 1111 1927 1174 CanonibuS,
1969 1109 2199 1177 capituli

286 1198 551 1248 sententia
589 1203 671 1249 est
706 1198 1043 1265 exquirenda.
1119 1197 1372 1266 Episcopi
1408 1214 1529 1249 vero
1565 1214 1802 1248 assensus
1837 1196 2198 1259 obstinendus,

286 1298 410 1332 cum
436 1283 847 1335 extraordinario
872 1283 1114 1335 canonici
1138 1283 1414 1335 convenire
1439 1283 1508 1334 ad
1534 1283 1835 1351 capitulum
1861 1282 2047 1334 velint.

433 1370 480 1420 9.
534 1368 700 1419 Nulla
746 1369 1241 1438 impraesentiarum
1290 1370 1394 1420 erit
1440 1368 1583 1420 inter
1631 1369 1908 1420 canonicos
1951 1369 2200 1419 ordinum
2286 1398 2287 1401 =

289 1453 584 1516 distinctio,
611 1471 703 1506 seu
727 1454 919 1506 divisio
942 1455 1003 1506 in
1026 1455 1353 1524 presbyteros
1378 1458 1435 1506 et
1458 1455 1723 1507 diaconos.

438 1541 518 1591 10.
573 1538 709 1591 Cum
748 1558 1043 1610 congruum
1082 1542 1372 1594 admodum
1410 1542 1624 1606 existat,
1647 1546 1713 1594 ut
1736 1542 1832 1611 qui
1868 1544 1928 1593 in
1952 1539 2203 1593 ecclesiae

289 1629 553 1690 senatum,
590 1627 914 1679 consiliarios
939 1628 1191 1696 episcopi,
1228 1645 1289 1679 ac
1324 1629 1633 1697 praecipuos
1664 1629 1931 1698 adjutores
1965 1628 2203 1696 ejusdem

289 1729 383 1780 pro
432 1712 895 1766 administratione
956 1713 1249 1766 dioeceseos
1308 1719 1668 1778 assumuntur,
1722 1715 1915 1766 habitu
1975 1731 2203 1781 quoque,

290 1798 469 1866 aliqua
491 1800 715 1863 ratione,
734 1800 1165 1870 distinguantur3
1191 1801 1452 1865 canonici,
1469 1819 1534 1852 ex
1552 1802 1883 1853 concessione
1899 1800 2204 1863 Pontificia‚

290 1885 439 1934 nulla
478 1885 620 1935 facta
657 1885 1003 1937 distinctione
1036 1886 1329 1939 dioeceseos
1354 1891 1450 1938 aut
1482 1887 1694 1956 gradus,
1720 1904 1877 1955 supra
1902 1886 2205 1954 supercelli-

291 1986 446 2021 ceum
469 1975 739 2021 assument
763 1974 1052 2022 mozettam
1076 1973 1219 2042 nigri
1242 1973 1428 2024 coloris
1451 1990 1559 2024 non
1582 1977 1766 2024 tamen
1791 1973 2028 2037 sericam,
2044 1972 2207 2041 juxta

293 2056 515 2107 formam
540 2057 608 2108 ab
633 2058 1053 2109 eminentissimo
1077 2058 1471 2127 archiepiscopo
1497 2059 1848 2129 designatam.

440 2142 522 2193 11.
575 2140 866 2194 Canonicos
908 2160 1047 2195 mere
1090 2143 1352 2209 titulareS‚
1395 2144 1526 2209 sive,
1565 2148 1631 2195 ut
1673 2146 1846 2209 aiunt,
1888 2144 2208 2207 honorariOS,

293 2226 558 2297 designari
583 2227 935 2296 prohibemus·

440 2315 522 2365 12.
574 2314 813 2365 Tandem
838 2318 1023 2367 exacte
1059 2315 1321 2368 observari
1357 2316 1714 2386 praecipimus
1751 2320 1957 2369 statuta
1993 2317 2205 2386 capitu-

292 2398 443 2462 laria,
467 2414 604 2467 quae
627 2399 687 2451 in
710 2399 811 2452 hac
836 2399 1048 2471 Synodo
1072 2401 1214 2454 lecta
1237 2406 1295 2455 et
1317 2394 1610 2472 approbata
1634 2406 1778 2455 sunt.

956 2648 1365 2705 DECRETUM
1412 2651 1548 2704 XII.

584 2804 668 2860 De
702 2803 873 2860 Modo
911 2805 1347 2861 commendam&
1382 2805 1461 2860 ad
1501 2806 1927 2880 Episcopatum.

448 2954 506 3008 Si
555 2957 624 3008 ob
671 2955 1148 3024 praeeminentiam
1195 2972 1303 3024 qua
1350 2955 1573 3024 pollent,
1622 2973 1684 3008 ac
1733 2956 1969 3009 officium
2009 2974 2115 3027 quo
2153 2960 2213 3010 in

304 3040 533 3094 dioecesi
556 3042 872 3112 funguntur,
898 3041 1138 3111 canonici
1173 3042 1280 3093 toti
1316 3041 1453 3094 clero
1489 3042 1633 3093 vitae
1669 3042 1963 3107 honestate,
1992 3044 2213 3111 pietate,

305 3127 562 3191 doctrina,
594 3144 657 3178 ac
680 3126 791 3178 zelo
827 3126 1154 3197 praefulgere
1177 3126 1424 3191 debeant,
1459 3130 1662 3195 quanto
1694 3129 1865 3197 magis
1908 3128 2049 3197 ipsos
2090 3147 2215 3181 con-

305 3215 455 3265 venit
502 3213 649 3264 omni
697 3213 962 3264 virtutum
1009 3229 1199 3282 genere
1247 3229 1355 3264 esse
1417 3216 1644 3276 ornatos,
1705 3213 1898 3281 quibus
1952 3216 2215 3283 competit

307 3298 695 3367 quodammodo
751 3298 930 3365 ipsum
978 3298 1215 3366 regimen
1263 3297 1535 3349 Ecclesiae
1581 3302 1791 3366 pastore
1839 3300 2107 3363 viduatae,
2158 3304 2215 3351 et

304 3401 500 3436 munus
524 3388 663 3435 certe
687 3383 1013 3450 praeclarum
1049 3400 1082 3434 a
1119 3382 1173 3435 S.
1201 3382 1336 3435 Sede
1361 3383 1741 3452 benignissime
1766 3401 2085 3448 conoessum,
2111 3386 2214 3453 ipsi

306 3469 731 3531 commendandi,
760 3486 891 3536 quos
924 3468 992 3520 ad
1026 3485 1157 3519 onus
1201 3469 1494 3536 episcopale
1538 3470 1698 3537 digne
1742 3471 2121 3537 promovendos
2157 3473 2214 3521 in

305 3556 535 3608 Domino
575 3555 893 3609 censuerint.
967 3554 1071 3605 Pro
1109 3572 1215 3622 quo
1258 3558 1372 3605 tam
1415 3555 1616 3623 insigni
1660 3554 1933 3617 beneficio,
1968 3556 2104 3606 clero
2147 3556 2215 3606 ad

306 3642 508 3689 nostras
533 3654 708 3705 preces
733 3637 943 3700 collam,
968 3653 1062 3687 nos
1087 3638 1145 3686 in
1170 3637 1268 3687 hac
1294 3636 1506 3704 Synodo
1532 3638 1838 3705 congregati
1871 3637 2215 3689 sanctissimo

305 3723 536 3776 Domino
558 3723 751 3774 Nostro
772 3723 870 3774 Pio
891 3723 991 3773 IX.
1011 3723 1314 3773 humillime
1334 3740 1395 3773 ac
1415 3723 1751 3774 devotissime
1775 3725 1972 3792 gratias
1996 3725 2217 3775 redden-

307 3809 400 3861 das
438 3808 699 3871 Volumus,
736 3809 794 3859 in
831 3807 1057 3875 epistola
1090 3824 1226 3875 quae
1261 3808 1432 3876 ipsius
1468 3808 1682 3860 concilii
1720 3809 2059 3876 provincialis
2094 3817 2215 3860 acta

308 3894 668 3946 comitabitur.
