2514 4504
414 370 540 431 330
982 395 1141 437 CONG.
1188 396 1357 437 PRov.
1406 396 1630 439 wns'rM.
1677 399 1753 439 1v.

410 538 582 589 which
608 540 670 603 is,
695 541 753 591 in
778 542 923 592 these
948 543 1076 610 days
1101 544 1399 612 especially,
1425 545 1484 595 of
1502 544 1593 595 the
1618 549 1848 614 greatest
1881 546 2210 614 importance
2242 548 2320 599 for
2505 558 2514 615 ³.

411 623 502 674 the
541 625 797 695 integrity
837 628 897 677 of
931 625 1172 679 Catholic
1211 629 1351 679 saith
1389 630 1495 680 and
1527 630 1792 698 morality.
1867 632 1924 681 It
1947 631 2071 700 only
2094 633 2320 684 remains

410 709 490 760 for
513 727 598 761 me
623 715 679 761 to
704 729 832 779 pray
857 711 977 762 that
1003 731 1096 764 our
1120 714 1261 765 Lord
1279 732 1403 783 may
1427 715 1562 766 have
1584 733 1690 784 you
1713 717 1772 767 in
1796 717 1899 768 His
1922 717 2046 785 holy
2071 716 2318 786 keeping.

2511 649 2514 660 -
2511 593 2514 600 .
2503 387 2514 551 κως-,4.Λρ
2501 198 2514 376 ..finum-⁴
2502 158 2506 168 Α·
2500 96 2503 113 ”
2497 61 2500 68 ”
2498 8 2501 22 ‘¹

733 825 882 876 Your
905 825 1206 894 Lordship's
1230 827 1569 880 affectionate
1595 827 1835 892 Servant,

929 955 1381 1009 ALEXANDER
1443 957 1649 1011 OARD.
1709 959 2069 1024 BARNABO,

1987 1072 2175 1128 Prefect.

1207 1188 1242 1239 J
1244 1201 1363 1240 οΗΝ
1402 1189 1659 1254 SIMEONI,
1694 1190 1993 1260 Secretary.
2504 1186 2514 1221 ¹

411 1343 775 1412 Propaganda,
799 1343 950 1411 April
975 1345 1062 1406 25,
1094 1344 1248 1395 1868.

1271 1894 1456 1956 XVI.

679 2096 778 2148 DE
829 2096 1496 2149 UNIVERSITATIBUS
1544 2094 2041 2149 ACATHOLICIS.

1050 2233 1146 2284 (Aa
1168 2234 1379 2274 Decretum
1405 2233 1450 2273 X
1459 2234 1577 2283 VIL,
1609 2235 1674 2284 8.)

406 2396 601 2446 ILLME.
638 2407 707 2445 ET
743 2394 887 2445 RME.
926 2394 1172 2458 Domn,

550 2527 743 2578 Literis
768 2528 855 2578 die
882 2529 914 2577 3
940 2525 1213 2576 Februarii
1237 2526 1365 2575 anni
1393 2525 1530 2576 1865
1555 2525 1625 2576 ad
1649 2524 1763 2576 RR.
1783 2525 1892 2576 ΡΡ.
1911 2524 2029 2576 DD.
2049 2542 2310 2577 sacrorum

405 2613 690 2663 Antisti'oes
714 2612 939 2680 Angliae
971 2612 1111 2663 datis
1141 2611 1359 2663 Sacrum
1393 2608 1686 2662 Consilium
1726 2608 1844 2662 Chr.
1883 2610 2042 2661 Nom.
2082 2610 2309 2680 Propag.

406 2698 726 2767 significavit
776 2715 827 2749 se
875 2697 1224 2748 libentissime
1272 2696 1602 2748 confirmasse
1644 2696 1965 2747 sententiam
2006 2713 2039 2747 a
2079 2697 2310 2748 laudatis

406 2784 682 2851 Episcopis
704 2784 764 2833 in
787 2785 987 2834 recenti
1011 2783 1336 2834 Londinensi
1360 2785 1624 2833 conventu
1646 2782 1972 2832 unanimiter
1987 2783 2306 2849 propositam

405 2870 469 2920 de
519 2867 767 2937 Collegiis
815 2885 973 2936 penes
1028 2868 1412 2919 Universitates
1468 2867 1787 2935 Anglicanas
1843 2866 2192 2919 Oxoniensem
2247 2885 2310 2920 ac

407 2953 893 3022 cantabrigiensem
948 2970 1057 3004 non
1114 2953 1393 3023 erigendiS,
1449 2953 1619 3020 deque
1672 2953 1979 3021 parentibus
2034 2954 2310 3005 catholicis

405 3042 699 3107 opportune
755 3039 1130 3105 persuadendis
1187 3056 1255 3088 ne
1313 3055 1430 3089 suos
1487 3038 1624 3089 filios
1672 3039 1741 3089 ad
1789 3055 1875 3089 eas
1924 3038 2308 3090 Universitates

404 3125 700 3186 mitterent,
725 3123 866 3190 quod
890 3123 1140 3174 videlicet
1168 3124 1311 3174 idem
1344 3122 1561 3174 Sacrum
1596 3122 1889 3174 Consilium
1927 3124 2307 3191 Episcoporum

405 3209 725 3260 sententiam
763 3209 1002 3275 apprime
1042 3225 1323 3259 consonam
1361 3209 1578 3259 vidisset
1614 3210 1890 3277 principiis
1914 3210 2074 3277 juxta
2099 3209 2308 3261 Summi

403 3294 681 3345 Pontificis
704 3297 941 3344 mentem
965 3309 997 3343 a
1021 3310 1072 3343 se
1102 3293 1332 3356 traditiS,
1357 3293 1564 3360 quoties
1595 3294 1661 3344 de
1694 3294 1987 3345 scholarum
2017 3295 2306 3346 mixtarum

402 3380 650 3447 periculis
684 3378 923 3429 consulta
956 3378 1145 3428 fuerat.
1219 3378 1379 3429 Porro
1411 3396 1534 3429 cum
1567 3396 1658 3446 per
1682 3380 1961 3446 epistolam
1985 3379 2305 3447 encyclicam

403 3469 471 3519 ad
497 3468 695 3518 clerum
721 3468 902 3517 datam
928 3465 1024 3516 sub
1055 3464 1144 3515 die
1174 3467 1243 3515 24
1275 3465 1465 3515 Martii
1506 3465 1642 3516 1865
1684 3465 1952 3516 Praesules
1989 3464 2152 3532 Angli
2191 3480 2307 3515 sen-

402 3555 630 3605 tentiam
679 3551 1038 3619 supradictam
1086 3567 1118 3601 a
1160 3567 1302 3601 sacra
1343 3550 1442 3600 hac
1485 3549 1900 3618 Congregatione
1941 3549 2304 3601 confirmatam

405 3637 768 3690 Sacerdotibus
811 3653 902 3704 per
946 3653 1063 3687 suas
1102 3636 1376 3687 Dioeceses
1414 3636 1800 3702 patefecissent,
1841 3635 2154 3702 sperandum
2193 3638 2304 3685 erat
