2514 4504
713 449 1034 493 PRocEssus
1078 451 1139 495 m
1185 452 1375 498 cAusis
1420 455 1663 499 mmm.
2007 446 2122 503 401

228 599 522 650 extensum.
599 595 857 649 Absoluta
907 596 1072 651 Missa
1117 600 1161 651 si
1204 600 1351 653 nulla
1395 603 1453 654 in
1497 601 1731 657 Ecclesia
1771 606 1842 658 sit
1884 609 2134 673 sacristia,

225 680 445 733 calicem
472 681 656 735 eodem
681 683 838 735 modo
864 700 1018 752 super
1036 685 1217 737 Altare
1236 686 1525 756 relinquet3
1562 707 1707 742 secus
1727 707 1845 743 vero
1865 692 1921 742 in
1942 690 2134 744 Sacris-

227 767 363 819 tiam
389 768 606 833 deferet,
632 768 814 836 ibique
840 786 993 837 super
1032 768 1305 839 Corporale
1349 774 1432 824 vel
1471 775 1670 843 pallam
1707 778 1764 828 in
1802 777 1979 847 aliquo
2021 778 2133 830 loco

225 853 437 906 decenti
463 857 520 906 et
544 854 720 906 clauso
745 854 1028 907 collocabit
1051 873 1216 925 usque
1242 858 1309 909 ad
1335 861 1616 912 secundam
1642 862 1886 917 Missam:
1932 864 1987 915 in
2013 882 2133 932 qua,

224 957 349 993 cum
390 940 574 992 eodem
618 940 784 992 calice
823 941 907 992 uti
952 941 1158 1007 debeat,
1195 943 1352 996 illum
1395 963 1570 1000 rursus
1609 966 1786 1001 secum
1830 950 2026 1002 deferet
2068 951 2133 1001 ad

225 1025 423 1090 Altam,
466 1042 527 1078 ac
572 1042 726 1095 super
763 1026 1026 1094 corporale
1064 1032 1339 1081 extensum
1364 1037 1598 1100 reponet.
1675 1033 1812 1086 Cum
1851 1041 2034 1088 autem
2077 1037 2134 1088 in

226 1112 453 1165 secunda
488 1112 655 1164 Missa
692 1111 941 1165 Sacerdos
977 1114 1046 1165 ad
1091 1112 1433 1168 Offertorium
1478 1119 1765 1184 devenerit,
1803 1121 1980 1174 ablato
2019 1122 2134 1174 velo

225 1196 292 1248 de
318 1195 494 1250 Calice
519 1197 661 1249 hunc
686 1214 967 1267 parumper
1003 1215 1179 1251 versus
1223 1218 1384 1254 cornu
1428 1203 1700 1272 Epistolae
1742 1207 2022 1259 collocabit
2046 1208 2134 1260 sed

223 1299 330 1335 non
355 1288 502 1336 extra
526 1283 808 1353 corporale,
833 1284 1077 1354 factaque
1115 1286 1320 1340 hostiae
1361 1290 1625 1342 oblatione
1670 1293 1878 1345 cavebit
1901 1310 1965 1345 ne
1991 1294 2136 1363 puri-

223 1368 459 1424 ficatorio
502 1374 743 1442 extergat
782 1370 1021 1436 calicem,
1058 1372 1148 1424 sed
1189 1390 1314 1425 eum
1353 1374 1495 1427 intra
1537 1378 1798 1446 corporale
1840 1378 2134 1448 relinquens

223 1455 408 1510 leviter
447 1456 693 1521 elevabit,
719 1457 1011 1526 vinumque
1045 1462 1101 1509 et
1137 1475 1330 1528 aquam
1364 1462 1537 1513 eidem
1578 1469 1729 1515 caute
1771 1465 2027 1533 imponet,
2068 1483 2132 1517 ne

224 1546 413 1612 guttae
452 1542 662 1610 aliquae
704 1543 771 1595 ad
814 1543 955 1595 labia
995 1544 1161 1612 ipsius
1206 1543 1399 1598 Calicis
1441 1549 1697 1613 resiliant,
1741 1568 1899 1619 quem
1943 1552 2132 1603 deinde

224 1628 528 1694 nullatenus
552 1629 620 1681 ab
644 1629 788 1681 intus
813 1630 1104 1682 abstersum
1130 1648 1272 1684 more
1297 1632 1452 1685 solito
1478 1634 1677 1686 offeret.

766 1882 879 1891 -—
901 1886 1114 1891 *————--
1127 1888 1473 1896 *μὴ-ὴ..
1513 1889 1587 1897 ..-

1119 2061 1235 2124 VI.

954 2231 1037 2282 IN
1041 2230 1396 2284 STRUOTIO

219 2377 406 2419 EDITA
457 2378 500 2419 A
553 2377 597 2419 S.
646 2375 891 2420 OONGNE
944 2377 1216 2420 OONOILII
1270 2379 1378 2420 DIE
1433 2381 1485 2422 22
1537 2381 1803 2423 AUGUSTI
1854 2384 1970 2433 1840,
2017 2379 2130 2424 PRO

292 2451 710 2494 CONFEOTIONE
746 2451 1075 2495 PROOESSUS
1111 2453 1180 2494 IN
1219 2453 1427 2496 CAUSIS
1467 2455 2053 2500 MATRIMONIALIBUS.

365 2579 503 2634 Cum
526 2584 742 2633 moneat
761 2579 949 2633 Glossa
973 2579 1052 2652 (in
1071 2599 1186 2651 cap.
1212 2582 1303 2634 fin.
1332 2583 1397 2634 de
1417 2583 1538 2654 frig.
1565 2587 1621 2635 et
1645 2583 1851 2653 males.)
1871 2585 1927 2636 in
1955 2587 2123 2637 causis

219 2666 698 2723 matrimonialibus
746 2684 959 2720 omnem
1016 2668 1282 2721 cautelem
1341 2686 1450 2720 esse
1498 2669 1855 2723 adhibendam
1916 2677 2127 2740 propter

219 2753 516 2824 periculum
539 2752 858 2817 animarum,
882 2753 1024 2822 quod
1050 2758 1106 2807 et
1129 2754 1314 2806 docuit
1339 2753 1572 2807 Sanchez
1598 2753 1688 2826 (de
1714 2756 1947 2808 matrim.
1974 2757 2065 2809 lib.
2094 2757 2123 2810 7

219 2841 354 2910 disp.
385 2837 514 2910 107)
539 2843 595 2892 et
620 2838 771 2893 Card.
833 2840 1206 2910 Argenvilliers
1246 2842 1326 2910 (in
1364 2842 1569 2893 dissert.
1605 2842 1935 2893 matrimonii
1974 2843 2122 2894 relat.

219 2927 361 2980 inter
391 2929 517 2978 vota
550 2923 888 2978 Constantini
921 2926 983 2979 P.
1019 2928 1051 2978 5
1086 2927 1186 2978 vol.
1222 2927 1321 2978 ult.
1354 2944 1406 2979 n.
1438 2925 1531 2996 16)
1565 2927 1717 2995 plura
1749 2927 1873 2978 hinc
1898 2944 1930 2978 a
1956 2927 2125 2979 Sacris

219 3012 519 3067 Canonibus
544 3011 747 3064 sancita
771 3016 914 3076 sunt,
938 3017 1002 3064 ut
1028 3016 1211 3064 tutum
1249 3030 1311 3065 ac
1347 3016 1552 3066 rectum
1569 3012 1838 3081 judicium
1865 3012 2124 3066 efformari

218 3103 397 3170 queat.
470 3098 554 3150 Ad
577 3099 916 3151 removendas
946 3116 1066 3151 vero
1091 3099 1314 3164 fraudeS‚
1346 3117 1465 3168 quae
1490 3099 1779 3169 conjugum
1804 3099 2015 3150 malitia
2041 3100 2121 3151 vel

218 3186 504 3240 collusione
533 3202 686 3255 saepe
722 3184 1040 3249 oriebantur,
1066 3184 1120 3238 S.
1158 3184 1237 3236 M.
1264 3185 1431 3238 Bend.
1466 3184 1619 3236 XIV.
1655 3184 1734 3254 (in
1761 3183 1985 3237 Constit.
2018 3184 2124 3237 Dei,

217 3268 600 3340 Misco-atione)
639 3287 938 3339 processum
963 3271 1352 3324 conficiendum
1377 3288 1485 3324 esse
1521 3270 1790 3339 praecepit
1823 3271 1921 3323 sub
1953 3272 2122 3340 poena

216 3357 501 3411 nullitatus
525 3358 767 3409 omnium
785 3361 1042 3420 actorum,
1067 3361 1131 3408 ut
1155 3357 1552 3426 probationibus
1585 3357 1936 3424 undequaque
1968 3374 2122 3408 accu-

217 3445 478 3498 ratissime
525 3444 830 3507 cumulatiS,
863 3445 921 3495 in
963 3444 1133 3495 causis
1168 3443 1474 3512 hujusmodi
1508 3444 1748 3495 omnium
1781 3444 2120 3513 gravissimis,

217 3531 277 3582 in
310 3530 502 3597 quibus
534 3530 714 3597 agitur
747 3529 814 3580 de
851 3527 1177 3580 Sacramenti
1228 3529 1506 3580 validitate
1547 3529 1629 3580 vel
1666 3528 1933 3591 nullitate,
1959 3545 2019 3579 ac
2053 3528 2118 3579 de

217 3614 546 3666 dissolvendo
580 3614 791 3666 vinculo
824 3614 1224 3677 matrimoniali,
1249 3614 1459 3682 judices
1495 3615 1552 3665 in
1592 3613 1895 3681 proferendo
1911 3612 2117 3681 judicio

218 3701 327 3755 tuti
352 3700 714 3770 conquiescere
738 3703 964 3768 possent.
1039 3699 1110 3750 At
1131 3700 1256 3769 quia
1276 3716 1425 3769 saepe
1451 3701 1505 3750 in
1532 3700 1629 3751 hoc
1655 3699 1968 3752 difficillimo
2002 3717 2118 3768 pro-
