2514 4504
863 460 941 502 nn
985 458 1500 510 QuAsl-nomcmo.
1998 445 2121 505 415

224 607 605 660 Verumtamen
638 608 693 660 'si
733 607 799 659 de
841 607 1111 675 praedicto
1168 609 1348 661 animo
1408 626 1514 662 non
1557 616 1779 675 constet,
1821 612 1889 663 ad
1929 611 2126 662 indicia

222 694 593 746 recurrendum
616 698 697 745 est
738 710 875 761 quae
914 699 1121 761 praesto
1165 694 1292 757 sint,
1335 712 1571 764 quaeque
1615 697 1866 748 moralem
1909 698 2127 748 certitu-

221 780 402 832 dinem
444 780 670 848 pariant.
763 779 830 830 In
871 796 924 830 re
967 784 1149 831 autem
1192 780 1398 831 occulta
1442 787 1498 843 et
1541 782 1749 834 interna
1791 781 2005 833 difficile
2047 786 2127 832 est

221 863 525 932 hujusmodi
551 864 750 915 indicia
775 862 979 927 habere,
1005 880 1138 931 quae
1167 864 1408 932 judicem
1449 883 1686 917 securum
1731 867 1964 918 faciant:
2004 867 2127 917 inde

221 953 302 1000 est
339 949 480 1017 quod
530 949 767 1001 adhiberi
819 950 1053 1001 maxime
1096 950 1252 1002 debet
1294 952 1476 1020 regula
1515 968 1547 1002 a
1597 951 1818 1004 Summo
1868 951 2128 1003 Pontifice

222 1034 512 1086 Benedicto
536 1034 687 1087 XIV.
732 1035 1058 1100 confirmata,
1101 1041 1166 1087 ut
1209 1037 1523 1105 inspiciatur
1564 1043 1745 1089 utrum
1788 1043 1914 1089 ante
1945 1038 2129 1089 matri-

220 1121 479 1183 monium,
503 1121 676 1188 spatio
719 1120 908 1172 saltem
950 1122 1109 1173 unius
1147 1123 1340 1173 mensis
1365 1122 1448 1173 vel
1488 1123 1643 1174 ambo
1669 1123 1752 1174 vel
1795 1123 2046 1174 alteruter
2071 1123 2128 1173 in

221 1206 548 1257 matrimonii
573 1205 687 1257 loco
711 1205 1086 1257 habitaverint.
1162 1206 1311 1268 Quod
1354 1209 1398 1259 si
1425 1208 1627 1259 factum
1665 1208 1822 1259 fuisse
1847 1207 2130 1276 deprehen-

221 1293 394 1356 datur,
420 1293 737 1344 censendum
763 1296 844 1344 est
868 1310 932 1344 ex
949 1294 1377 1362 praesumptione
1393 1294 1532 1363 juris
1551 1295 1906 1345 intentionem
1925 1309 2129 1361 perma-

220 1379 384 1430 nendi
407 1395 500 1446 per
524 1378 777 1446 majorem
819 1378 947 1429 anni
989 1383 1195 1446 partem
1235 1380 1491 1443 extitisse,
1516 1384 1572 1430 et
1614 1379 1943 1431 domicilium
1969 1379 2130 1430 fuisse

220 1464 543 1532 acquisitum
592 1464 917 1532 proindeque
965 1466 1368 1517 matrimonium
1430 1483 1540 1518 esse
1587 1466 1843 1517 validum.
1951 1465 2026 1515 At
2084 1463 2130 1515 si

219 1551 579 1619 praesumptio
617 1550 747 1602 haec
780 1550 935 1619 juriS,
978 1568 1112 1619 quae
1154 1568 1219 1603 ex
1258 1557 1527 1604 menstrua
1569 1551 1901 1604 habitatione
1946 1550 2129 1613 oritur,

221 1636 495 1688 contrariis
521 1637 751 1689 elidatur
774 1638 1190 1706 probationibus,
1215 1639 1407 1707 quibus
1432 1642 1574 1690 certo
1610 1654 1671 1689 ac
1696 1637 1900 1706 liquido
1924 1639 2131 1687 constet

219 1723 552 1790 praedictum
576 1724 818 1775 animum
842 1724 990 1775 nullo
1014 1729 1171 1792 pacto
1198 1724 1455 1787 extitisse,
1494 1728 1623 1775 tunc
1666 1722 1901 1790 profecto
1924 1726 2130 1773 contra-

219 1809 360 1859 rium
383 1808 600 1876 proferri
625 1809 812 1861 debere
840 1810 1112 1879 judicium
1145 1810 1490 1861 manifestum
1506 1813 1603 1873 est,
1621 1810 1749 1877 quia
1772 1808 2129 1876 praesumptio

221 1894 400 1945 cedere
415 1893 574 1945 debet
590 1894 823 1945 veritati.
896 1895 1172 1947 Praeterea
1190 1895 1532 1947 manifestum
1548 1910 1756 1963 quoque
1769 1897 1849 1945 est
1866 1892 2129 1945 actualem

219 1978 606 2031 habitationem
630 1980 871 2048 ineptam
895 1998 1005 2033 esse
1046 1981 1116 2032 ad
1156 1980 1665 2049 quasi-domicilium
1707 1979 2039 2048 pariendum,
2083 1979 2127 2029 si

220 2065 340 2134 quis
378 2065 438 2115 in
481 2081 542 2117 ea
582 2066 793 2135 regione
835 2083 977 2117 more
1015 2067 1140 2136 vagi
1179 2083 1241 2118 ac
1283 2067 1587 2119 itinerantis
1630 2069 1997 2128 commoretur,
2020 2080 2127 2115 non

220 2154 404 2202 autem
428 2168 548 2203 vere
570 2153 882 2220 proprieque
906 2152 1221 2218 habitantis,
1236 2152 1688 2220 quemadmodum
1715 2152 1913 2203 scilicet
1932 2150 2127 2202 coeteri

222 2237 409 2301 solent,
433 2238 528 2306 qui
552 2239 611 2290 in
635 2239 820 2292 eodem
843 2239 959 2292 loco
1001 2257 1184 2293 verum
1225 2241 1536 2309 proprieque
1560 2240 1769 2292 dictum
1794 2239 2127 2291 domicilium

227 2322 442 2376 habent.

1118 2652 1239 2715 IX.

954 2819 1037 2872 IN
1039 2819 1393 2875 STRUOTIO

787 2959 837 3006 S.
883 2960 1057 3005 CONG.
1098 2961 1176 3004 DE
1220 2963 1385 3007 PROP.
1424 2963 1564 3007 FIDE

471 3064 663 3108 SUPER
686 3064 1268 3109 DISPENSATIONIBUS
1293 3066 1879 3109 MATRIMONIALIBUS.

371 3173 507 3229 Cum
545 3176 866 3245 dispensatio
905 3176 976 3228 sit
1005 3176 1143 3245 juris
1179 3178 1474 3228 communis
1507 3177 1759 3228 relaxatio
1793 3194 1915 3228 cum
1941 3194 2125 3229 causae

227 3263 544 3333 cognitione,
590 3262 658 3314 ab
706 3279 767 3313 eo
815 3262 973 3325 facta,
1031 3264 1125 3330 qui
1181 3262 1342 3313 habet
1399 3267 1736 3330 potestatem,
1794 3263 2122 3330 exploratum

228 3346 471 3399 omnibus
517 3348 596 3396 est
644 3345 1055 3413 dispensationes
1098 3345 1165 3396 ab
1207 3345 1601 3412 impedimentis
1645 3346 2123 3396 matrimonialibus

228 3450 334 3484 non
359 3449 467 3483 esse
490 3430 855 3499 indulgendaS,
879 3430 983 3480 nisi
1007 3430 1251 3499 legitima
1291 3435 1346 3481 et
1383 3432 1555 3498 gravis
1596 3447 1749 3481 causa
1789 3431 2122 3482 interveniat.

230 3518 371 3579 Quin
419 3518 528 3567 imo
576 3515 731 3566 facile
779 3516 1000 3583 quisque
1048 3515 1325 3583 intelligit,
1375 3520 1526 3566 tanto
1574 3517 1862 3584 graviorem
1913 3534 2122 3566 causam

229 3604 439 3671 requiri,
475 3608 674 3670 quanto
709 3602 919 3670 gravius
954 3605 1035 3652 est
1070 3602 1533 3668 impedimentum,
1569 3602 1709 3667 quod
1746 3602 1949 3667 nuptiis
1992 3602 2123 3652 ccle-

229 3688 440 3741 brandis
478 3687 779 3756 opponitur,
851 3686 1047 3739 Verrun
1085 3687 1228 3737 haud
1266 3703 1378 3737 raro
1417 3687 1484 3737 ad
1519 3685 1571 3737 S.
1600 3686 1786 3738 Sedem
1811 3686 2124 3753 perveniunt
