2514 4504
1137 462 1338 508 INDEX.

395 612 600 655 secundas
646 611 819 666 praevia
859 610 1066 665 probatio,
1110 611 1199 651 134.

394 686 731 735 Matrimonium,
778 685 825 725 in
872 685 966 725 foro
1011 686 1199 733 externo,

394 764 486 804 246.
596 760 758 802 Eorum
820 758 1088 812 quaestiones
1148 758 1203 799 ab

394 835 621 878 Ordinario
632 833 990 883 determinandae,
1005 834 1056 873 ib.
1110 833 1199 874 Va-

394 924 546 964 gorum
576 911 618 951 et
646 911 902 959 exterorum,
927 908 980 947 ib.
1046 907 1202 956 Dubia,

394 986 448 1026 ib.
506 982 782 1025 Domicilium
807 985 849 1023 et
877 981 1201 1034 quasi-domici-

393 1058 796 1107 1ium‚ib.,414-415.
839 1055 1117 1096 Matrimonia
1131 1055 1199 1095 in-

393 1131 546 1182 valida,
569 1133 660 1174 247.
717 1128 986 1171 Matrimonii
1009 1128 1204 1169 defensor

393 1204 696 1255 instituendus,
734 1204 787 1244 ib.
865 1201 1204 1243 Matrimoniales

394 1293 544 1322 causae
585 1278 815 1331 diligenter
854 1276 1114 1324 tractandae,
1151 1276 1203 1316 ib.

392 1354 671 1397 Matrimonia
685 1366 826 1394 coram
838 1350 1047 1392 ministris
1058 1351 1203 1391 haere·

392 1431 503 1479 ticis,
527 1432 619 1480 318,
645 1431 736 1470 319.
794 1426 940 1468 Liberi
956 1428 1092 1467 status
1106 1438 1203 1479 pro-

392 1504 523 1553 batio,
564 1505 656 1543 406.
714 1500 1078 1554 Dispemationes,
1109 1501 1201 1540 415.

392 1580 505 1633 Ejus
524 1590 673 1619 causae
692 1588 857 1629 graves,
880 1575 930 1625 ib,
988 1572 1205 1625 Angustia

392 1652 489 1704 loci,
521 1654 614 1693 416.
673 1651 804 1691 Aetas
838 1648 1123 1702 superadulta,
1147 1647 1199 1686 ib.

394 1724 739 1778 Incompetentia
773 1722 898 1770 dotis,
938 1723 991 1762 ib.
1071 1721 1202 1771 Lites,

391 1801 444 1841 ib.
547 1800 796 1851 Paupertas,
847 1797 940 1840 417.
1034 1796 1203 1836 Bonum

393 1873 522 1927 pacis,
607 1873 658 1912 ib.
777 1869 1079 1918 Familiaritas,
1150 1869 1200 1909 ib.

396 1947 559 2000 Copula
606 1960 705 1987 cum
759 1943 1076 1996 consanguinea
1130 1944 1205 1983 aut

393 2020 532 2068 affine,
565 2020 656 2069 &o.,
690 2019 745 2058 ib.
812 2015 1115 2069 Praegnantia,
1153 2016 1205 2056 ib.

394 2090 673 2144 Legitimatio
711 2089 854 2143 prolis,
886 2090 940 2129 ib.
1018 2087 1207 2128 Infamia

395 2163 598 2213 mulieris,
640 2164 693 2203 ib.
752 2162 1021 2204 Revalidatio
1054 2161 1203 2202 matri-

395 2237 544 2289 monii,
568 2238 621 2278 ib.
680 2237 925 2278 Periculum
943 2235 1206 2277 matrimonii

395 2313 523 2354 mixti
543 2313 612 2354 vel
631 2326 773 2354 coram
799 2312 1035 2354 acatholico
1054 2311 1203 2351 minis-

397 2391 479 2437 tro,
519 2391 612 2429 418.
697 2387 943 2429 Periculum
979 2386 1208 2427 incestuosi

398 2462 716 2512 concubinatus,
741 2462 793 2502 ib.
853 2461 1096 2502 Periculum
1115 2447 1217 2500 ma?

398 2538 592 2580 trimonii
649 2537 803 2587 civilis,
863 2537 914 2576 ib.
1016 2535 1211 2576 Remotio

401 2613 603 2661 scandali,
652 2613 705 2653 ib.
807 2611 996 2653 Cessatio
1050 2610 1212 2663 publici

405 2687 724 2737 concubinatus,
790 2686 842 2727 ib.
946 2684 1213 2726 Excellentia

401 2762 663 2808 meritorum,
732 2761 784 2801 ib.
871 2755 1214 2812 Dispensationis

402 2836 593 2886 nullitas,
623 2837 718 2886 419,
739 2837 832 2875 420.

295 2918 624 2958 Marmoxmu
643 2931 681 2956 v.
706 2914 916 2968 Syllabas.

514 3018 617 3027 --
644 2994 992 3043 sscnxnm‚134.
1015 2989 1217 3032 Probatio

322 3130 325 3132 -
403 3073 546 3114 obitus
565 3071 780 3126 conjugis,
814 3072 908 3110 410.
940 3068 1042 3108 Non
1062 3067 1216 3108 sufficit

405 3146 611 3195 absentia,
692 3147 786 3185 411.
901 3143 1218 3183 Documentum

406 3219 703 3263 authenticum
753 3215 1076 3269 exquirendum,
1120 3217 1214 3254 411.

407 3295 604 3337 Testium
639 3291 936 3346 depositiones,
984 3291 1078 3339 411,
1121 3290 1215 3329 412.

411 3370 706 3423 ConJ'ectui-ae,
729 3367 959 3406 412-414.

303 3446 693 3487 Marnmomonuu
712 3453 835 3482 eru
893 3471 902 3480 .
962 3441 1027 3489 26,
1052 3440 1118 3488 32,
1142 3438 1220 3477 228

305 3520 519 3569 Mammr,
540 3531 577 3557 υ.
593 3515 854 3569 Baptismus,
876 3511 1164 3554 Confirmatio.

307 3594 476 3635 Mamor
490 3601 765 3641 acsi-nomer,
781 3603 819 3629 v.
836 3587 1041 3629 Extrema
1060 3584 1219 3627 unctio.

1288 608 1651 659 Msmonvaonx„
1674 622 1709 650 v.
1731 608 1955 650 Dioeeesis.

1287 682 1620 733 Maxumum-ns,
1653 685 1744 727 247.
1804 683 1941 725 Extra
1959 684 2194 735 dioecesim,

1397 760 1490 798 248.
1563 757 1771 798 Moniales
1815 771 1901 799 non
1969 759 2199 801 mittendae

1398 831 1488 872 sine
1518 831 1691 873 licentia
1729 836 1796 884 epi
1835 835 1882 873 ut
1914 832 2199 886 eleemosynas

1397 906 1615 959 colligant,
1636 907 1687 946 ib.
1736 906 2071 948 mendicantium
2084 908 2196 949 ordi·

1398 993 1502 1020 num
1555 980 1760 1021 fratribus
1810 980 2083 1022 interdictum
2139 988 2200 1022 est

1398 1054 1551 1095 collare
1620 1054 1856 1094 Romanum
1916 1060 1958 1096 et
2032 1056 2202 1096 habitus

1399 1128 1682 1176 sacerdotalis,
1706 1129 1756 1169 ib.

1291 1202 1451 1243 Massa
1479 1202 1712 1242 Coumrsxs
1732 1202 1777 1242 in
1797 1203 2093 1255 presbyteriis.
2125 1205 2198 1243 231

1290 1278 1477 1318 Massa
1507 1277 1740 1317 Coumvxxs
1758 1277 1924 1325 titulus,
1946 1291 1980 1317 v.
2003 1277 2188 1317 Titulus.

1291 1352 1503 1393 mesrm
1552 1351 1699 1398 Simu,
1747 1364 1781 1391 v.
1832 1350 1976 1399 Missa,
2027 1351 2201 1392 Susten-

1399 1427 1520 1468 tatio.

1291 1503 1444 1551 stsa,
1480 1505 1541 1543 18.

1398 1578 1555 1627 tivalis,
1593 1577 1799 1628 quomodo
1837 1576 2098 1627 colebmndn,
2146 1580 2205 1617 1⁸.

1618 1502 1750 1542 Missa
1770 1501 2034 1542 dominicalis
2054 1505 2095 1542 et
2123 1501 2204 1542 fes·

2075 1651 2204 1691 Missa

1398 1727 1562 1780 quoties
1582 1725 1843 1775 celebranda,
1860 1726 1911 1766 ib.
1971 1726 2102 1766 Missa
2123 1739 2207 1765 una

1397 1804 1566 1842 tantum
1582 1814 1656 1853 per
1665 1800 1777 1840 diem
1793 1799 1981 1846 dicenda,
1995 1800 2043 1839 ih.
2059 1804 2100 1840 et
2115 1802 2210 1844 389,

1399 1876 1464 1916 Dc
1471 1875 1597 1915 missa
1605 1873 1928 1915 hebdomadaria
1941 1872 2121 1926 populus
2131 1872 2205 1913 ad-

1398 1949 1646 1998 monendus,
1668 1950 1719 1989 ib.
1749 1948 1909 1988 Cantus
1924 1947 2114 1996 devotus,
2139 1950 2205 1987 21.

1400 2024 1499 2064 Non
1514 2021 1860 2075 interrumpenda
1873 2021 1956 2061 nisi
1973 2021 2046 2061 ubi
2065 2021 2204 2060 rubri·

1400 2112 1471 2139 cae
1485 2098 1645 2147 sinunt,
1661 2099 1726 2145 22,
1740 2098 1805 2146 63,
1821 2098 1868 2135 24
1876 2098 1911 2135 3.
1955 2094 2086 2135 Missa
2097 2094 2207 2134 dilu-

1401 2173 1495 2213 culo
1522 2170 1770 2213 celebranda
1805 2169 1927 2210 festis
1962 2168 2120 2216 diebus,
2144 2169 2209 2208 27.

1403 2247 1536 2287 Missa
1544 2245 1595 2285 de
1611 2245 1800 2297 requiem
1814 2244 1860 2283 in
1873 2243 1993 2284 festis
2002 2242 2133 2295 dupl.‚
2143 2244 2205 2282 85.

1404 2322 1536 2361 Missa
1550 2333 1624 2373 pro
1636 2319 1802 2372 populo,
1819 2321 1883 2367 86,
1898 2320 1962 2357 88.
1984 2317 2210 2357 Missurum

1404 2395 1643 2444 honoraria,
1684 2395 1773 2435 103.
1841 2392 1996 2432 Missae
2028 2391 2208 2436 votivae,

1410 2473 1498 2511 140.
1556 2469 1685 2511 Missa
1718 2468 1951 2508 celebretur
1976 2467 2079 2506 hora
2110 2466 2207 2514 fixa,

1409 2547 1501 2586 229.
1530 2543 1759 2584 Missarum
1773 2555 1913 2589 onera,
1931 2543 1994 2590 32,
2008 2542 2099 2588 228,
2117 2542 2208 2580 303.

1408 2618 1654 2670 Registrum
1672 2628 1846 2655 onerum
1862 2614 2096 2661 missariun,
2120 2614 2211 2660 228,

1410 2695 1502 2733 303.
1562 2691 1693 2732 Missa
1714 2687 2019 2737 conventualis,
2046 2689 2136 2729 367.

1914 2762 2054 2810 Festa,
2110 2761 2211 2800 Vini

1400 1653 1501 1693 Sine
1533 1652 1742 1692 ministris
1773 1652 1914 1701 sacris,
1950 1652 2000 1691 ib.

1303 2790 1462 2800 —-
1535 2780 1572 2807 v.
1646 2764 1831 2812 Binatio,

1412 2841 1651 2894 integritas.

1304 2918 1471 2958 Missas
1491 2926 1858 2963 Asmvnnsamm,
1881 2928 1919 2953 v.
1939 2914 2150 2953 Rectores.

1484 3001 1758 3038 οιῬωοΑἰ-ιο,
1791 3002 1827 3029 v.
1850 2987 2033 3035 Binatio,
2059 2986 2211 3039 Dupli-

1412 3066 1537 3107 catio.

1305 3141 1499 3181 stsm
1519 3140 1554 3180 ἃς
1575 3139 1822 3179 anvamA
1839 3151 1847 3176 z

1413 3213 1633 3266 Rescripta
1704 3243 1712 3253 .
1773 3242 1782 3251 .
1840 3242 1849 3250 .
1913 3213 2001 3257 138,
2029 3211 2116 3255 147,
2144 3211 2214 3251 197

1306 3289 1541 3330 Missam-x
1571 3287 1739 3335 Oxum,
1766 3300 1799 3325 v.
1821 3285 1962 3331 Missa,
1992 3284 2200 3324 Hectores.

1308 3364 1478 3409 Missm,
1519 3365 1580 3411 10,
1616 3364 1677 3400 11.
1756 3359 1902 3398 Missio
1940 3357 2077 3398 ordini
2115 3357 2213 3397 reli·

1415 3436 1556 3488 giosae
1585 3433 1762 3483 credita,
1802 3445 1887 3471 non
1916 3431 1953 3471 ei
1974 3429 2219 3479 auferenda,

1420 3511 1508 3548 101.
1563 3505 1677 3552 Quid
1708 3505 1742 3545 si
1776 3503 1963 3556 religiosi
2010 3501 2220 3543 discedere

1417 3582 1565 3630 velint,
1588 3581 1639 3620 ib.
1687 3577 1946 3619 Missionarii
1967 3576 2218 3630 limitrophi,
