2514 4504
957 484 1239 527 nizonem.
1926 468 2045 534 217

146 634 254 688 illis
269 634 459 704 quibus
475 632 856 701 discipulorum
869 631 1146 683 institutio
1162 632 1533 696 demandatur,
1548 632 1688 683 inter
1703 632 2058 684 seminaristas

146 721 316 772 vitam
340 735 676 772 communem
701 718 881 781 ducat,
897 733 1087 784 eosque
1112 716 1268 768 verbo
1292 722 1347 768 et
1373 717 1614 786 exemplo
1640 718 1887 779 instruat,
1902 718 2060 768 corri-

145 810 257 877 gat,
281 810 338 857 et
366 806 678 858 consoletur.
753 803 925 865 Quam
950 802 1184 853 maxime
1209 803 1441 854 conferet
1466 804 1534 854 ad
1559 803 1757 854 bonum
1784 803 2060 870 spirituale

146 891 498 955 alumnorum,
523 891 569 943 si
611 890 906 959 praefectus
948 887 1240 957 spiritualis
1282 888 1341 939 in
1381 888 1678 940 Seminario
1703 888 1771 940 ab
1796 888 2059 957 Episcopo

147 978 519 1028 constituatur.

290 1062 505 1131 Semper
528 1062 587 1114 in
611 1061 867 1113 memoria
890 1061 1156 1112 retineant
1181 1060 1467 1128 superiores
1504 1061 1776 1128 proprium
1816 1064 1873 1111 et
1911 1077 2063 1129 prae-

146 1148 366 1218 cipuum
391 1148 672 1200 Seminarii
697 1146 859 1198 finem
885 1164 995 1198 esse
1019 1150 1083 1197 ut
1106 1145 1312 1197 alumni
1347 1147 1558 1197 discant
1597 1146 1694 1197 soli
1735 1146 1848 1197 Deo
1886 1147 2061 1196 vivere

146 1235 204 1286 in
229 1232 453 1285 Christo·
527 1233 720 1301 Itaque
746 1234 963 1301 spiritus
982 1232 1017 1283 J
1018 1250 1109 1283 esu
1135 1232 1328 1282 intime
1353 1232 1591 1282 animam
1617 1231 1796 1283 clerici
1821 1235 2063 1300 penetret

145 1324 202 1372 et
224 1319 478 1384 vivificet,
502 1323 566 1371 ut
603 1337 720 1371 vere
759 1318 929 1387 possit
968 1318 1141 1369 dicere
1183 1317 1242 1369 id
1281 1318 1422 1385 quod
1467 1317 1667 1368 Paulus
1706 1318 1773 1369 de
1817 1334 1871 1368 se
1914 1334 2063 1385 prae-

146 1405 392 1458 dicabat:
443 1403 596 1457 Mihi
630 1402 807 1457 vivere
835 1402 1091 1456 Christus
1131 1407 1207 1455 est
1226 1402 1272 1454 :¹
1314 1408 1371 1455 et
1411 1403 1560 1467 alibi,
1596 1400 1749 1467 Vivo,
1778 1402 1908 1471 jam
1943 1418 2063 1454 ‘non

146 1506 277 1560 090,-
325 1489 465 1543 vivit
505 1508 630 1544 vero
672 1489 743 1543 in
784 1507 872 1544 ‘me
900 1488 1214 1556 ,Ohvdstusss
1296 1490 1444 1542 Haec
1487 1490 1561 1542 sit
1604 1489 1718 1558 ejus
1762 1506 1895 1557 spes,
1935 1489 2064 1540 haec

146 1578 445 1642 meditatio,
468 1578 568 1630 hoc
605 1579 921 1648 primarium
960 1578 1292 1640 exercitium,
1318 1578 1489 1627 vitam
1526 1575 1703 1627 vivere
1743 1573 1942 1626 Christi
1981 1574 2065 1625 in-

146 1663 326 1727 terius,
349 1681 486 1732 quae
523 1668 705 1716 tamen
745 1664 976 1716 exterius
1017 1662 1259 1726 scientia,
1295 1663 1576 1732 gravitate,
1612 1661 1913 1712 animarum
1952 1659 2064 1711 zelo

147 1752 205 1801 et
225 1749 430 1819 pietate
454 1750 841 1802 manifestetur.

291 1851 342 1900 8.
391 1848 614 1919 Saepius
653 1849 987 1902 considerent
1028 1853 1352 1918 quantopere
1394 1848 1468 1901 sit
1509 1847 1863 1917 periculosum
1903 1844 2064 1897 simul

147 1938 205 1989 et
226 1935 557 1999 dedecorum,
582 1935 739 1987 illum
766 1934 963 1987 Christi
986 1935 1218 2005 gratiam
1247 1934 1369 1987 aliis
1410 1934 1715 1986 ministrare
1753 1932 1849 2002 qui
1891 1931 2066 2001 gratia

149 2017 347 2073 Christi
370 2021 643 2089 praeditus
667 2038 790 2090 prae
815 2021 937 2072 aliis
961 2038 1068 2073 non
1093 2025 1425 2091 agnoscatur.

290 2104 433 2175 Erga
456 2105 494 2159 J
494 2124 660 2171 esum,
686 2107 1017 2159 sacerdotum
1041 2107 1335 2159 Dominum
1361 2109 1418 2158 et
1441 2105 1784 2175 Magistrum,
1809 2105 1867 2155 in
1904 2102 2066 2156 Sanc-

147 2192 384 2245 tissimae
404 2193 770 2245 Eucharistiae
795 2197 1141 2257 sacramento,
1159 2194 1218 2244 in
1241 2192 1420 2244 medio
1440 2190 1824 2260 discipulorum
1850 2205 2064 2240 suorum

148 2279 512 2333 amantissime
545 2296 749 2348 semper
786 2283 1205 2347 permanentem,
1230 2279 1541 2330 tenerrimos
1574 2282 1631 2329 et
1669 2276 2065 2328 ardentissimos

148 2365 366 2434 pietatis
389 2363 613 2416 affectus
635 2365 881 2416 excolant
915 2369 972 2416 et
1003 2364 1223 2416 foveant
1259 2363 1638 2416 seminaristae.
1714 2360 2064 2413 Meminerint

148 2450 211 2504 in
245 2451 340 2503 ino
377 2452 570 2503 amoris
607 2452 859 2520 mysterio
882 2451 1178 2519 repositum
1205 2450 1414 2502 futurae
1440 2467 1621 2501 eorum
1646 2449 1879 2499 militiae
1904 2446 2064 2497 viati-

150 2552 293 2601 cum,
315 2536 482 2605 ipsius
506 2537 651 2588 vitae
676 2536 969 2605 spiritualis
996 2536 1335 2598 alimentum,
1360 2536 1420 2587 in
1455 2533 1634 2586 arduis
1673 2532 2064 2592 fortitudinem,

149 2622 210 2676 in
232 2622 495 2693 angustiis
520 2622 790 2685 solatium,
814 2623 873 2673 in
898 2638 1141 2691 suprema
1164 2621 1351 2673 mortis
1389 2620 1518 2672 hora
1556 2624 1820 2671 tutamen.
1896 2615 2064 2677 Quare

149 2707 261 2777 jam
285 2708 354 2760 ab
374 2707 491 2777 ipso
514 2708 779 2777 principio
797 2708 979 2759 omnia
997 2708 1065 2759 ad
1081 2707 1115 2759 J
1117 2725 1267 2760 esum
1292 2708 1349 2758 in
1370 2706 1709 2758 Sacramento
1725 2702 1922 2754 Altaris
1940 2702 2066 2752 ado-

151 2794 395 2858 randum,
416 2798 692 2863 tamquam
716 2794 1017 2845 animarum
1043 2793 1335 2856 Pastorem,
1360 2793 1617 2851 referant3
1667 2795 1722 2840 et
1753 2789 1820 2840 ab
1846 2788 2065 2849 Eodem,

151 2883 430 2949 tamquam
452 2881 622 2934 totius
646 2880 1083 2933 sanctificationis
1110 2880 1274 2942 fonte,
1299 2879 1479 2930 omnia
1504 2876 1816 2944 suppliciter
1856 2877 2063 2940 petant.

153 2965 229 3019 Et
265 2967 518 3035 quoniam
559 2967 628 3018 iis
662 2967 758 3034 qui
789 2966 991 3018 mundo
1029 2969 1154 3017 sunt
1178 2965 1332 3016 corde
1355 2963 1602 3033 promisit
1626 2960 1886 3012 Dominus
1911 2957 1946 3008 J
1949 2974 2065 3008 esus

152 3054 409 3107 visionem
450 3053 570 3119 Dei,
609 3055 854 3107 excolant
895 3071 1095 3117 omnes,
1138 3054 1233 3121 qui
1276 3053 1334 3103 in
1372 3053 1545 3120 primo
1594 3050 1662 3101 ad
1712 3047 2064 3100 sacerdotium

154 3140 324 3192 stadio
359 3140 644 3192 constituti
680 3144 824 3203 sunt,
859 3140 1088 3207 corporis
1128 3143 1184 3190 et
1227 3137 1437 3189 animae
1480 3136 1771 3204 puritatem
1811 3132 1878 3183 ab
1918 3131 2064 3182 omni

153 3225 523 3296 impudicitiae
546 3228 734 3280 umbra
757 3229 1084 3289 immunem3
1132 3231 1205 3292 et,
1230 3231 1296 3278 ut
1319 3227 1387 3277 ad
1412 3242 1530 3277 eam
1555 3223 1877 3275 munditiem
1903 3221 2064 3271 citius

154 3317 212 3365 et
233 3314 461 3366 securius
496 3316 826 3383 perveniant,
850 3314 997 3366 omni
1021 3313 1174 3365 filiali
1200 3330 1376 3364 amore
1400 3316 1456 3364 et
1480 3311 1763 3362 tenerrima
1788 3307 2064 3359 devotione

155 3397 565 3459 Immaculatam
602 3400 835 3453 Matrem
874 3406 1128 3463 nostram,
1153 3399 1441 3468 Virginum
1467 3397 1749 3467 Reginam,
1773 3394 1872 3445 Dei
1899 3392 2066 3445 Geni-

154 3490 342 3542 tricem
389 3490 637 3554 Mariam,
685 3494 942 3559 perpetuo
991 3489 1171 3540 colant
1219 3491 1277 3539 et
1324 3486 1622 3539 imitentur.
1713 3481 2063 3535 Devotionem

915 3644 935 3674 ¹
952 3642 1141 3698 Philipp.
1164 3644 1195 3685 i.
1218 3646 1283 3685 21.

918 3710 939 3739 ²
955 3710 1051 3753 Gal.
1072 3710 1119 3752 ii.
1143 3713 1208 3752 20.
