2514 4504
944 496 1218 541 unomen.
1905 477 2023 540 171

124 652 331 719 spectat
372 649 440 700 ad
485 646 817 701 Conventum
844 646 1223 714 Episcoporum
1250 643 1307 693 in
1334 659 1394 693 eo
1420 642 1671 693 interesse
1705 640 2038 704 habentium,

125 734 325 787 scilicet
349 734 416 784 ad
454 733 922 801 Archiepiscopum
949 728 1581 790 westmonasteriensem,
1618 730 1674 777 et
1712 725 2036 793 Episcopum

125 817 575 871 Suthwarcensem
599 834 692 885 pro
719 814 952 883 Collegio
979 812 1032 865 S.
1054 812 1328 863 Edmundi
1348 812 1407 863 in
1427 811 1667 862 Dioecesi
1682 809 2039 861 Westmonas-

125 904 337 956 teriensi
371 905 578 971 posit03
617 903 684 953 ad
722 900 1011 969 Episcopos
1050 898 1553 965 Hagulstadensem,
1591 895 2039 960 Beverlacensem,

128 986 548 1048 Salfordiensem,
587 984 1064 1052 Liverpolitanum,
1096 985 1152 1032 et
1187 980 1546 1049 Salopiensem
1579 997 1674 1048 pro
1713 978 1949 1048 Collegio
1982 979 2036 1033 S.

129 1071 408 1125 cuthberti
428 1072 485 1122 in
503 1070 740 1121 Dioecesi
767 1068 1186 1137 Hagulstadensi
1212 1068 1315 1118 sito
1326 1084 1340 1127 ;
1379 1066 1447 1117 ad
1463 1065 1751 1133 Episcopos
1771 1063 2043 1134 Birming-

126 1159 469 1218 hamiensem,
479 1154 1058 1224 Nottinghamiensem,
1069 1157 1124 1203 et
1140 1152 1683 1204 Northantoniensem
1701 1168 1795 1220 pro
1806 1149 2042 1220 Collegio

130 1244 184 1297 S.
210 1243 414 1294 Mariae
438 1243 497 1292 in
523 1240 710 1292 Oscott
733 1242 792 1291 in
816 1239 1058 1290 Dioecesi
1085 1237 1591 1306 Birminghamiensi
1617 1238 1738 1291 sito,
1796 1238 2044 1290 Decerni—

129 1346 248 1381 mus
296 1326 816 1379 administrationem
866 1324 1123 1375 bonorum
1169 1324 1547 1391 temporalium
1589 1323 1706 1375 fieri
1756 1324 1939 1376 debere
1987 1325 2045 1375 in

130 1415 356 1467 solidum
381 1414 555 1481 quoad
580 1413 717 1464 bona
736 1410 957 1462 mobilia
983 1413 1039 1461 et
1063 1409 1364 1460 immobilia
1403 1408 1759 1478 Collegiorum
1798 1411 1964 1461 donec
1991 1409 2045 1462 S.

132 1500 287 1553 Sedes
322 1500 444 1567 jura
482 1502 721 1566 separata
755 1496 1086 1564 singulorum
1125 1495 1577 1546 determinaverit.
1652 1495 1736 1546 Ad
1767 1495 1824 1546 id
1861 1499 2046 1545 autem

131 1586 480 1638 obtinendum
531 1583 785 1652 Episcopi
834 1583 892 1632 in
942 1582 1122 1649 aliquo
1171 1599 1235 1632 ex
1279 1581 1450 1632 tribus
1502 1579 1751 1650 Collegiis
1799 1581 2048 1630 interesse

131 1671 384 1722 habentes
427 1671 706 1721 nominent
745 1686 839 1736 pro
879 1668 1064 1719 eodem
1110 1665 1346 1734 Collegio
1383 1683 1552 1717 unum
1588 1666 1674 1717 vel
1699 1670 1804 1717 tres
1831 1666 2047 1716 idoneos

133 1757 268 1808 viros
293 1756 388 1825 qui
414 1759 674 1818 accurate,
700 1758 756 1805 et
781 1757 996 1805 onerata
1021 1753 1255 1820 ipsorum
1282 1752 1627 1815 conscientia,
1661 1755 1884 1813 statum,
1921 1767 2051 1818 quo-

133 1858 480 1908 rumcumque
504 1841 780 1902 bonorum,
805 1839 1115 1890 reddituum
1147 1841 1203 1887 et
1231 1837 1440 1905 jurium
1474 1836 1662 1905 quovis
1688 1836 1852 1887 titulo
1878 1836 2051 1887 eidem

136 1925 369 1995 Collegio
396 1926 774 1993 spectantium,
800 1928 856 1974 et
879 1924 1054 1974 ubivis
1081 1922 1449 1985 existentium,
1475 1922 1675 1972 additis
1713 1922 1777 1972 de
1815 1921 2052 1989 singulo-

134 2029 252 2063 rum
295 2012 514 2080 origine,
558 2009 934 2071 destinatione,
979 2013 1034 2059 et
1076 2008 1342 2075 praesenti
1391 2007 1696 2058 conditione
1736 2007 2051 2074 opportunis

135 2096 361 2159 notitiiS,
388 2098 528 2146 intra
553 2112 755 2146 annum
782 2094 1034 2156 efficiant,
1060 2098 1116 2144 et
1143 2092 1196 2144 S.
1225 2093 1351 2143 Sedi
1375 2092 1676 2143 exhibeant.

281 2183 330 2232 3.
382 2182 487 2232 Hic
514 2180 817 2232 Conventus
843 2180 956 2231 fieri
983 2178 1141 2230 debet
1167 2178 1329 2229 semel
1354 2178 1658 2245 quotannis,
1684 2178 1769 2228 die
1794 2178 1863 2228 ab
1898 2177 2055 2244 Epis-

137 2268 281 2336 copis
303 2266 553 2318 interesse
577 2266 915 2329 habentibuS,
942 2265 1001 2315 in
1025 2263 1199 2332 primo
1224 2262 1463 2330 ipsorum
1485 2261 1780 2327 Conventa,
1798 2264 1890 2330 qui
1911 2263 2055 2313 intra

138 2369 335 2403 annum
361 2369 392 2402 a
417 2352 503 2403 die
528 2351 924 2419 approbationis
949 2350 1040 2418 huj
1048 2366 1108 2401 us
1135 2347 1335 2417 Synodi
1361 2347 1652 2415 explendus
1687 2351 1787 2411 est,
1804 2348 1869 2421 ‘in
1905 2347 2053 2397 futu-

141 2455 260 2489 rum
285 2438 675 2488 constituenda.

281 2525 333 2574 4.
385 2521 444 2573 Si
469 2522 679 2590 quando
705 2522 809 2590 maj
818 2540 874 2574 or
907 2538 1024 2590 pars
1057 2521 1442 2588 Episcoporum
1480 2518 1724 2583 voluerit,
1760 2518 2057 2586 Episcopus

141 2606 447 2660 Ordinarius
466 2608 622 2658 debet
641 2624 924 2658 convocare
951 2606 1240 2674 Episcopos
1264 2608 1474 2673 partem
1492 2603 1748 2655 habentes
1773 2604 1843 2654 ad
1867 2607 2055 2655 tenen-

143 2694 271 2745 dum
296 2693 769 2744 extraordinarium
791 2691 1143 2744 Conventum.

285 2779 335 2829 5.
387 2777 627 2844 Singulis
667 2777 1015 2828 conventibus
1063 2776 1292 2844 praeerit
1342 2774 1651 2826 Ordinarius
1700 2775 1837 2837 loci;
1895 2778 1952 2825 et
1999 2775 2058 2825 in

142 2864 372 2931 paritate
398 2863 765 2932 suffragiorum
790 2863 959 2930 ipsius
978 2867 1163 2913 votum
1188 2862 1261 2912 sit
1285 2861 1499 2929 duplex.
1564 2860 1674 2912 Ubi
1690 2861 1827 2912 duae
1842 2865 2058 2911 tantum

145 2950 252 2999 sint
317 2948 608 3011 DioeceseS,
677 2950 721 3000 si
770 2947 1022 3015 Episcopi
1080 2948 1137 2998 in
1197 2962 1359 2997 unam
1409 2947 1688 2998 convenire
1737 2947 2057 2997 sententiam

143 3038 422 3102 nequeant,
448 3035 685 3101 quaestio
710 3035 778 3085 ad
803 3033 1166 3101 Apostolioam
1193 3031 1385 3084 Sedem
1403 3031 1697 3100 judicanda
1723 3031 2002 3082 deferetur.

290 3120 339 3171 6.
391 3118 506 3179 Quo
534 3118 818 3188 vigilantia
841 3123 898 3170 et
926 3119 1002 3170 vis
1027 3135 1161 3186 quae
1191 3135 1255 3169 ex
1273 3118 1484 3168 unitate
1509 3121 1566 3168 et
1581 3118 1880 3185 praesentia
1906 3134 2059 3184 supe-

146 3204 291 3256 rioris
311 3203 582 3272 profluunt
606 3221 880 3272 nunquam
906 3203 1175 3265 deficiant,
1190 3203 1477 3254 auctoritas
1496 3206 1799 3254 constanter
1824 3220 2059 3254 exercea-

147 3293 235 3340 tur
259 3306 349 3357 per
374 3289 712 3341 Ordinarium
737 3290 858 3353 loci,
884 3290 979 3357 qui
1006 3293 1218 3340 tenetur
1243 3290 1391 3356 sequi
1428 3289 1637 3358 regulas
1674 3290 1733 3340 in
1767 3290 2059 3356 respectivo

149 3373 382 3443 Collegio
433 3375 768 3438 constitutas,
828 3379 885 3426 et
933 3376 1143 3426 decreta
1191 3375 1260 3426 ab
1309 3375 1424 3442 ipso
1462 3391 1570 3425 una
1613 3391 1737 3425 cum
1781 3374 2058 3441 Episcopis

150 3458 391 3510 interesse
417 3459 734 3510 habentibus
760 3460 886 3510 lata.
964 3458 1269 3510 Ordinarius
1306 3462 1489 3509 tamen
1521 3458 1695 3509 nullas
1733 3459 2058 3509 mutationes

150 3548 205 3593 et
229 3560 477 3611 expensas
501 3545 759 3595 notabiles
786 3548 947 3612 atque
973 3544 1411 3595 extraordinarias
1437 3545 1603 3595 facere
1627 3544 1844 3612 poterit,
1863 3544 2060 3611 absque

151 3644 401 3679 consensu
427 3630 640 3697 majoris
667 3630 832 3696 partis
858 3629 1241 3697 Episcoporum
1267 3629 1673 3696 praedictorum.

294 3713 343 3765 7.
397 3714 475 3764 Ut
498 3714 818 3781 gubernium
846 3713 1201 3784 Collegiomm
1230 3714 1415 3764 stabile
1454 3714 1526 3764 sit
1561 3718 1617 3764 et
1654 3713 1885 3777 firmum,
1911 3714 2060 3764 nulla

154 3799 380 3849 mutatio
421 3799 712 3849 essentialis
752 3799 848 3849 fiat
890 3800 1062 3867 quoad
1101 3797 1325 3865 Collegii
1363 3798 1597 3866 regimen
1634 3804 1689 3848 et
1714 3799 2051 3850 administra-
