2514 4504
419 366 542 425 292
977 385 1135 426 couc.
1184 384 1354 426 PRov.
1403 384 1623 426 wns'rM.
1672 384 1747 428 lv.

413 548 545 598 quae
574 531 734 582 isthic
755 533 947 583 diserte
985 548 1091 582 non
1129 535 1522 599 enumerantur,
1560 531 1628 581 ab
1660 529 1758 582 hac
1795 529 1991 583 Sancta
2032 530 2167 583 Sede
2205 549 2324 601 pro-

414 617 638 685 scriptae
663 621 718 668 et
742 617 1039 684 prohibitae
1064 620 1204 667 sunt.

559 702 760 752 Datum
811 701 1010 752 Romae
1052 701 1110 750 in
1152 700 1368 768 publica
1413 699 1651 751 Sessione
1692 701 1750 751 in
1791 699 2052 752 Vaticana
2094 701 2324 752 Basilica

415 789 717 840 solemniter
759 786 1036 849 celebrata,
1079 802 1215 835 anno
1261 785 1646 836 Incarnationis
1689 784 1996 836 Dominicae
2039 787 2322 838 millesimo

414 873 856 942 octingentesimo
881 873 1284 940 septuagesimO,
1309 871 1396 921 die
1421 872 1679 938 vigesima
1704 877 1891 939 quarta
1916 871 2128 940 Aprilis,

557 958 908 1010 Pontificatus
934 957 1114 1008 Nostri
1139 973 1277 1007 anno
1302 957 1559 1025 vigesimo
1582 961 1786 1024 quarto.

789 1286 1229 1335 CONSTITUTIO
1275 1285 1670 1334 DOGMATICA
1715 1284 1932 1333 PRIMA

939 1415 1037 1465 DE
1088 1413 1436 1466 ECCLESIA
1485 1412 1798 1477 CHRISTI,

752 1563 992 1603 EDITA
1060 1562 1139 1601 IN
1206 1562 1582 1602 SESSIONE
1650 1562 1983 1610 QUARTA.

1061 1797 1229 1849 PIUS
1281 1797 1677 1850 EPISOOPUS

879 1930 1172 1972 snizvus
1238 1929 1656 1972 sERvoleM
1722 1929 1853 1970 DEI

938 2055 1111 2095 SACRO
1147 2055 1506 2095 APPROBANTE
1540 2055 1799 2095 CONCILIO

750 2191 842 2230 AD
890 2190 1334 2230 PERPETUAM
1382 2190 1506 2230 REI
1554 2189 1983 2230 MEMORIAM.

560 2315 746 2366 Pastor
769 2318 1010 2366 aeternus
1033 2318 1090 2366 et
1113 2313 1408 2382 Episcopus
1436 2314 1736 2381 animarum
1759 2318 2072 2377 nostrarum,
2095 2318 2160 2365 ut
2183 2314 2322 2366 salu-

414 2401 631 2451 tiferum
667 2400 1062 2467 redemptionis
1079 2416 1210 2466 opus
1242 2415 1470 2467 perenne
1501 2399 1757 2461 redderet,
1781 2403 2019 2450 sanctam
2046 2399 2321 2459 aedificare

414 2486 707 2537 Ecclesiam
731 2486 981 2547 decrevit,
1010 2485 1068 2534 in
1100 2501 1204 2551 qua
1243 2484 1411 2535 veluti
1447 2484 1507 2535 in
1545 2485 1702 2535 domo
1739 2484 1841 2535 Dei
1877 2484 2105 2535 viventis
2139 2484 2321 2536 fideles

414 2587 594 2623 omnes
642 2571 800 2620 unius
848 2569 975 2621 fidei
1024 2574 1096 2631 et
1127 2569 1402 2622 charitatis
1445 2569 1656 2620 vinculo
1700 2570 2108 2629 continerentur.
2145 2598 2150 2602 ·
2182 2556 2322 2632 Qua?

414 2660 641 2724 propter,
694 2656 1004 2724 priusquam
1067 2655 1456 2718 clarificaretur,
1516 2646 1725 2723 rogavit
1785 2654 2000 2714 Patrem
2062 2672 2168 2707 non
2226 2673 2328 2724 pro:

413 2741 680 2808 Apostolis
712 2744 944 2804 tantum,
979 2741 1068 2791 sed
1100 2744 1155 2792 et
1187 2757 1281 2808 pro
1305 2741 1398 2803 eiS,
1422 2741 1517 2808 qui
1542 2740 1793 2791 credituri
1816 2744 1966 2790 erant
1988 2757 2081 2808 per
2103 2741 2319 2792 verbum

415 2843 596 2877 eorum
634 2826 692 2876 in
727 2826 922 2892 ipsum,
960 2829 1025 2876 ut
1061 2843 1241 2876 omnes
1276 2843 1446 2876 unum
1482 2829 1671 2888 essent,
1717 2823 1854 2876 sicut
1894 2825 2009 2893 ipse
2051 2826 2222 2877 Filius
2265 2832 2320 2878 et

414 2913 574 2963 Pater
607 2928 775 2961 unum
815 2915 956 2962 sunt.
1031 2910 1490 2972 Quemadmodum
1527 2912 1697 2979 igitur
1734 2911 2027 2979 ApostoIOS,
2057 2928 2186 2978 quos
2218 2912 2320 2963 sibi

414 2998 480 3048 de
502 2997 702 3046 mundo
726 2996 970 3061 elegerat,
995 2997 1161 3058 misit,
1189 2996 1327 3046 sicut
1351 2996 1465 3063 ipse
1489 2997 1679 3047 missus
1715 3000 1826 3048 erat
1858 3013 1891 3047 a
1924 2996 2112 3048 Patre:
2134 2997 2228 3048 vita
2260 2997 2319 3047 in

415 3080 651 3131 Ecclesia
694 3096 788 3130 sua
829 3080 1067 3130 Pastores
1110 3084 1166 3131 et
1206 3080 1455 3131 Doctores
1496 3090 1663 3149 usque
1704 3082 1773 3132 ad
1814 3083 2319 3133 consummationem

416 3165 610 3216 saeculi
636 3181 745 3215 esse
768 3165 957 3216 voluit.
1033 3165 1111 3216 Ut
1134 3182 1256 3217 vero
1281 3166 1612 3233 episcopatus
1649 3167 1761 3234 ipse
1787 3183 1935 3218 -unus
1970 3171 2026 3217 et
2051 3167 2329 3219 >indivisus

416 3255 568 3312 esset,
609 3255 666 3300 et
712 3267 805 3316 per
853 3250 1187 3314 cohaerentes
1237 3251 1337 3301 sibi
1385 3252 1612 3302 invicem
1664 3253 1951 3303 sacerdotes
1991 3253 2325 3303 credentium

413 3335 709 3387 multitudo
745 3336 987 3386 universa
1022 3337 1081 3386 in
1117 3336 1243 3387 fidei
1278 3339 1334 3386 et
1372 3337 1759 3387 communionis
1801 3338 2010 3387 unitate
2052 3353 2319 3388 conserva-

412 3426 572 3484 retur,
621 3422 838 3472 beatum
888 3421 1109 3472 Petrum
1158 3422 1372 3472 caeteris
1421 3421 1687 3488 Apostolis
1733 3438 2055 3489 praeponens
2102 3422 2162 3471 in
2203 3410 2318 3489 ipso

413 3507 652 3556 instituit
694 3510 1008 3574 perpetuum
1051 3508 1326 3573 utriusque
1367 3508 1592 3558 unitatis
1635 3508 1958 3574 principium
2005 3524 2066 3557 ac
2114 3506 2318 3557 visibile

413 3591 838 3654 fundamentum,
873 3608 1025 3658 super
1062 3592 1143 3657 cuj
1151 3609 1212 3641 us
1248 3592 1622 3642 fortitudinem
1659 3596 1929 3642 aeternum
1971 3596 2319 3642 exstrueretur
