2514 4504
641 467 718 509 Da
765 466 1094 509 msPENSAr.
1143 467 1699 510 MATRIMoNlAMBUS.
1994 456 2111 518 417

213 614 453 680 expensis
478 621 837 684 prosequatur,
860 622 1066 684 praeter
1089 616 1246 667 illum
1271 618 1364 684 qui
1406 618 1575 685 ipsam
1615 619 1671 669 in
1696 635 1910 677 uxorem
1936 620 2123 670 ducere

213 698 383 766 cupit,
407 699 731 767 dispensatio
756 701 970 752 concedi
1010 701 1172 762 solet3
1230 702 1450 752 interest
1493 704 1635 753 enim
1677 702 2037 771 Reipublicae,
2063 712 2123 754 ut

210 783 332 834 lites
371 785 768 854 extinguantur.
846 786 990 836 Huic
1034 786 1267 853 proxime
1307 786 1515 837 accedit
1558 787 1664 838 alia
1704 804 1876 850 causa,
1921 788 2123 838 scilicet

213 866 325 919 Dos
352 866 547 921 litibus
570 867 846 929 involuta,
865 887 989 921 cum
1008 871 1263 921 nimirum
1281 870 1471 921 mulier
1489 871 1594 922 alio
1615 878 1695 923 est
1714 874 1973 923 destituta
1997 876 2123 935 vim,

210 953 361 1022 cujus
386 971 482 1022 ope
507 955 644 1007 bona
669 973 762 1007 sua
786 972 1086 1023 recuperare
1123 956 1313 1006 valeat.
1407 957 1601 1008 Verum
1642 957 1945 1025 hujusmodi
1972 975 2125 1009 causa

213 1040 423 1092 nonnisi
447 1058 541 1109 pro
565 1042 933 1094 remotioribus
958 1042 1207 1111 gradibus
1232 1041 1443 1095 sufficit.

360 1141 410 1191 5.
459 1138 779 1210 Paupertas
802 1138 1026 1205 viduae,
1051 1158 1188 1209 quae
1228 1158 1505 1194 numerosa
1547 1143 1694 1212 prole
1719 1146 1788 1195 sit
1815 1150 2047 1207 onerata,
2070 1150 2126 1196 et

213 1225 295 1276 vir
318 1241 436 1277 eam
460 1225 598 1276 alere
622 1225 951 1293 polliceatur.
1003 1224 1107 1277 Sed
1132 1227 1447 1294 quandoque
1466 1229 1697 1279 remedio
1717 1229 2123 1297 dispensationis

214 1311 532 1363 succurritur
557 1311 747 1362 viduae
771 1328 832 1362 ea
858 1315 1072 1362 tantum
1098 1312 1164 1363 de
1204 1329 1377 1375 causa,
1403 1314 1544 1380 quod
1560 1314 1744 1381 junior
1769 1314 1858 1377 sit,
1883 1319 2044 1382 atque
2069 1316 2125 1365 in

213 1396 447 1464 periculo
471 1396 892 1447 incontinentiae
918 1401 1166 1448 versetur.

359 1496 409 1547 6.
458 1493 686 1546 Bonum
703 1494 884 1563 pacis,
910 1512 1016 1563 quo
1040 1497 1253 1547 nomine
1279 1497 1505 1547 veniunt
1529 1498 1727 1548 nedum
1753 1498 1959 1549 foedera
1986 1499 2124 1550 inter

213 1598 390 1652 regna,
414 1585 470 1633 et
494 1581 785 1648 Principes,
811 1582 900 1632 sed
934 1582 1099 1632 etiam
1134 1582 1391 1632 extinctio
1424 1583 1669 1650 gravium
1704 1584 2126 1646 inimicitiarum,

213 1668 463 1730 rixarum,
502 1671 559 1717 et
598 1667 839 1716 odiorum
882 1666 1144 1717 civilium.
1220 1666 1367 1717 Haec
1412 1684 1567 1718 causa
1610 1668 1891 1726 adducitur
1934 1670 2015 1719 vel
2059 1670 2125 1720 ad

214 1752 598 1821 extinguendas
622 1768 802 1820 graves
838 1752 1168 1815 inimicitias,
1194 1769 1330 1819 quae
1372 1753 1513 1803 inter
1555 1755 1980 1805 contrahentium
2006 1772 2128 1806 con·

214 1839 527 1907 sanguineos
550 1836 636 1888 vel
660 1836 840 1887 affines
865 1840 1010 1887 ortae
1030 1837 1155 1900 sint,
1175 1854 1414 1905 quaeque
1434 1839 1762 1890 matrimonii
1782 1840 2127 1909 celebratione

213 1923 431 1975 omnino
455 1926 921 1990 componerentur3
955 1922 1039 1973 vel
1064 1924 1275 1989 quando
1302 1924 1440 1974 inter
1459 1926 1886 1976 contrahentium
1912 1943 2128 1978 consan-

212 2009 432 2078 guineos
457 2011 514 2059 et
538 2007 718 2058 affines
743 2007 1061 2058 inimicitiae
1085 2024 1268 2075 graves
1293 2008 1584 2077 viguerint,
1610 2016 1682 2074 et,
1708 2011 1835 2063 licet
1860 2029 1961 2079 pax
1989 2013 2127 2064 inter

212 2093 355 2162 ipsos
379 2093 517 2143 inita
533 2092 652 2160 jam
678 2094 767 2155 sit,
793 2092 1075 2144 celebratio
1114 2098 1294 2145 tamen
1333 2097 1662 2147 matrimonii
1700 2097 1767 2147 ad
1793 2097 1959 2164 ipsius
1983 2100 2128 2166 pacis

214 2170 666 2234 confirmationem
691 2182 923 2232 maxime
948 2183 1277 2235 conduceret.

359 2280 409 2333 7.
459 2278 674 2344 Nimia,
724 2284 995 2345 suspecta,
1040 2280 1362 2350 periculosa
1411 2282 1815 2352 familiaritaS,
1864 2305 1960 2339 nec
2021 2305 2127 2339 non

213 2364 543 2420 cohabitatio
569 2366 666 2418 sub
691 2367 875 2417 eodem
900 2371 1061 2430 tect0,
1086 2385 1222 2435 quae
1247 2369 1400 2420 facile
1425 2371 1671 2437 impediri
1707 2389 1812 2423 non
1837 2375 2018 2440 possit.

359 2468 410 2516 8.
461 2463 678 2534 Copula
719 2482 843 2515 cum
886 2468 1273 2533 consanguinea
1316 2467 1399 2518 vel
1437 2468 1592 2519 affine
1636 2470 1719 2520 vel
1762 2470 1867 2520 alia
1910 2489 2127 2539 persona

213 2550 599 2619 impedimento
638 2549 906 2601 laborante
949 2552 1275 2618 praehabita,
1325 2556 1381 2603 et
1436 2551 1843 2620 P‘raeynantz'a,
1899 2554 2127 2624 ideoque

215 2632 547 2704 lcyitimatio
575 2632 780 2703 proliS,
805 2639 870 2685 ut
908 2652 1100 2703 nempe
1140 2637 1443 2688 consulat-ur
1490 2639 1621 2689 bono
1662 2640 1821 2706 prolis
1862 2641 2046 2707 ipsiuS‚
2072 2647 2126 2692 et

214 2723 398 2774 honori
421 2721 678 2783 mulieriS,
702 2738 839 2788 quae
865 2738 1011 2772 secus
1035 2722 1265 2789 innupta
1289 2728 1540 2774 maneret.
1604 2724 1751 2775 Haec
1770 2727 2003 2792 profecto
2021 2744 2127 2778 una

216 2812 297 2860 est
339 2825 404 2859 ex
443 2807 832 2876 urgentioribus
875 2807 1063 2870 causiS‚
1096 2799 1175 2858 ob'
1199 2824 1359 2874 quam
1396 2809 1562 2859 etiam
1601 2809 1798 2876 plebeis
1841 2812 1953 2862 dari
1996 2813 2127 2863 solet

215 2891 556 2959 dispensatiO,
575 2889 866 2940 dummodo
891 2889 1080 2956 copula
1100 2893 1312 2956 patrata
1330 2906 1436 2939 non
1456 2890 1618 2941 fuerit
1643 2892 1740 2942 sub
1765 2909 1856 2959 spe
1882 2894 2128 2945 facilioris

215 2974 652 3045 dispensationis:
715 2991 853 3042 quae
894 2967 1294 3030 circumstantia
1333 2974 1391 3024 in
1435 2975 1822 3042 supplicatione
1865 2979 1999 3029 foret
2039 2998 2127 3031 ex-

215 3061 507 3133 primenda.

361 3161 412 3211 9.
459 3155 721 3226 Infamia
767 3155 1047 3221 mulieris,
1096 3174 1160 3209 ex
1203 3158 1496 3225 suspicione
1538 3162 1669 3222 orta,
1713 3161 1853 3227 quod
1898 3162 1990 3212 illa
2034 3180 2125 3213 suo

215 3243 605 3314 consanguineo
628 3247 725 3294 aut
749 3243 895 3294 affini
919 3244 1081 3294 nimis
1117 3243 1412 3307 familiariS,
1452 3245 1667 3313 cognita
1707 3246 1779 3296 sit
1818 3246 1885 3297 ab
1925 3248 2126 3310 eodem,

214 3332 345 3383 licet
364 3329 592 3397 suspicio
611 3329 683 3379 sit
701 3328 849 3392 falsa,
868 3346 991 3379 cum
1010 3345 1202 3396 nempe
1227 3329 1331 3379 nisi
1351 3330 1752 3380 matrimonium
1772 3333 2126 3395 contrahatur,

215 3416 407 3467 mulier
445 3415 673 3484 graviter
710 3414 1004 3478 diffamata,
1038 3414 1123 3465 vel
1163 3414 1393 3482 innupta
1433 3420 1741 3477 remaneret,
1783 3417 1865 3466 vel
1906 3418 2126 3485 disparis

216 3500 535 3551 conditionis
558 3498 670 3549 viro
694 3499 891 3549 nubere
916 3499 1141 3561 deberet,
1167 3503 1262 3549 aut
1287 3499 1468 3567 gravia
1493 3500 1685 3550 damna
1710 3501 1982 3551 orirentur.

364 3600 447 3648 10.
496 3594 850 3648 Revalictatio
885 3594 1263 3657 matrimonii,
1304 3597 1444 3662 quod
1484 3597 1619 3647 bona
1659 3598 1762 3648 fide
1803 3604 1854 3648 et
1897 3600 2126 3666 publice,

218 3687 420 3734 servata
444 3681 744 3732 Tridentini
786 3681 971 3743 forma,
997 3687 1329 3732 contractum
1370 3686 1479 3733 est:
1531 3683 1657 3749 quia
1698 3683 1810 3749 ejus
1850 3684 2124 3735 dissolutio
