2514 4504
1005 468 1287 512 monam.
1976 457 2097 516 253

193 622 493 691 nuperrime
539 620 794 671 invectae.
870 616 1042 669 Periit
1080 618 1225 668 enim
1268 616 1539 669 Catholica
1589 636 1650 670 ea
1701 626 1753 670 et
1806 619 2101 673 Christiana

194 708 360 778 gloria
401 721 564 774 quam
606 705 746 757 inter
787 720 967 755 earum
1011 703 1361 755 fundamenta
1404 705 1650 772 deposuit
1693 705 1890 757 Sancta
1930 708 2103 759 Mater

194 793 454 846 Ecclesia:
510 790 673 861 periit
720 791 885 842 etiam
933 789 1204 859 primaeva
1261 790 1520 842 revelatae
1577 791 1818 842 veritatis
1868 792 2102 855 traditio,

194 896 395 933 necnon
434 896 497 931 ea
539 878 841 930 litterarum
884 880 941 928 et
983 877 1326 928 scientiarum
1369 892 1512 928 sacra
1551 877 1777 940 cultura,
1820 894 1925 945 qua
1974 878 2007 929 J
2012 895 2103 929 esu

193 965 443 1034 discipuli
483 968 540 1016 et
577 963 680 1015 Dei
721 962 842 1026 filii,
866 962 1049 1013 divina
1081 961 1476 1013 illuminatione
1501 962 1698 1030 perfusi
1723 963 1790 1013 ad
1817 963 2103 1030 perfectam

194 1051 423 1103 hominis
447 1049 814 1102 excellentiam
852 1048 983 1100 olim
1016 1047 1427 1099 adducebantur.
1503 1048 1668 1098 Extra
1694 1047 2021 1100 Catholicam
2048 1054 2104 1099 et

195 1136 490 1188 Romanam
516 1134 810 1187 Ecclesiam
842 1133 1036 1204 nullibi
1071 1133 1330 1200 reperitur
1366 1132 1674 1183 individuus
1706 1134 1946 1183 omnium
1972 1134 2104 1184 veri-

195 1226 371 1274 tatum
396 1224 453 1272 et
474 1220 733 1272 naturalis
767 1222 823 1271 et
855 1217 1266 1287 supernaturalis
1309 1216 1508 1268 ordinis
1544 1234 1706 1267 nexus
1718 1235 1731 1277 3
1772 1234 1877 1284 quo
1902 1218 2104 1281 relict0‚

194 1307 330 1358 ratio
372 1306 539 1358 etiam
580 1306 813 1356 humana
862 1304 1138 1356 obscurata
1162 1302 1327 1366 labat,
1354 1306 1409 1353 et
1447 1303 1564 1370 ipsa
1587 1302 1818 1354 hominis
1859 1308 2048 1354 natura
2072 1321 2104 1355 a

196 1389 551 1442 similitudine
578 1386 878 1440 Conditoris
913 1381 1205 1438 deformata
1229 1384 1492 1453 dejicitur.
1567 1383 1736 1445 Quare
1760 1389 1999 1435 nostrum
2023 1389 2104 1435 est

194 1477 340 1528 omni
375 1475 594 1544 provida
630 1474 947 1537 constantia,
987 1489 1123 1541 quae
1164 1488 1336 1540 neque
1379 1488 1472 1540 per
1512 1472 1686 1522 minas
1728 1470 1874 1522 flecti
1910 1477 2103 1539 potest,

194 1578 361 1630 neque
385 1578 477 1629 per
500 1560 769 1611 illecebras
793 1559 959 1622 allici,
982 1558 1382 1609 immutabilem
1406 1557 1557 1608 ill’am
1583 1574 1615 1608 a
1640 1558 1888 1609 Patribus
1912 1559 2103 1610 nostris

194 1650 468 1714 acceptam
494 1643 798 1697 Catholicae
822 1644 1180 1696 institutionis
1203 1643 1518 1695 methodum
1543 1660 1760 1707 servare,
1779 1645 1936 1706 tueri,
1955 1648 2012 1694 et
2035 1644 2103 1695 ad

194 1734 426 1801 posteros
450 1731 652 1782 tradere
676 1731 1008 1782 inviolatam.
1083 1729 1159 1781 Et
1195 1746 1300 1797 quo
1332 1729 1432 1781 hoc
1470 1730 1698 1781 securius
1724 1733 1780 1780 et
1804 1731 1963 1780 citius
1988 1730 2102 1793 fiat,

195 1815 351 1868 Sacra
377 1813 746 1885 Congregati0‚
771 1833 907 1884 quae
943 1832 1082 1868 anno
1111 1816 1268 1879 1868,
1286 1815 1541 1883 probante
1576 1814 1798 1867 Summo
1825 1815 2102 1879 Pontifiee,

195 1900 482 1969 Episcopos
523 1901 751 1971 Angliae
793 1903 862 1954 ad
905 1902 1224 1971 capiendum
1266 1903 1550 1954 consilium
1576 1904 1643 1955 de
1668 1901 1942 1955 Catholica
1968 1902 2103 1954 Uni-

194 1985 441 2038 versitate
463 1986 523 2037 in
546 1987 742 2055 Anglia
760 2005 854 2040 suo
871 1991 1111 2058 tempore
1140 1990 1388 2059 erigenda
1419 1990 1746 2058 jampridem
1764 1991 2101 2057 invitaverat,

194 2070 415 2123 ineunte
446 2071 546 2124 hoc
582 2073 698 2141 ipso
730 2089 869 2126 anno
904 2091 1000 2127 nos
1032 2077 1230 2127 iterum
1264 2076 1587 2145 gravissimis
1611 2076 1890 2127 admonuit
1914 2077 2103 2140 verbiS‚

193 2157 295 2210 Dei
318 2158 545 2228 gloriam
570 2164 732 2228 atque
755 2162 1055 2214 animarum
1093 2163 1321 2215 salutem
1346 2164 1405 2215 in
1429 2164 1726 2232 praesentia
1750 2165 2014 2232 postulare
2039 2169 2102 2215 ut

194 2246 331 2298 nihil
356 2247 688 2300 intentatum
729 2265 763 2300 a
803 2249 955 2302 nobis
986 2250 1316 2319 relinquatur
1340 2268 1444 2319 quo
1470 2251 1809 2304 difficultates
1835 2252 2102 2304 Universi-

195 2335 325 2386 tatis
351 2332 652 2386 Catholicae
676 2337 993 2388 erectionem
1017 2338 1342 2388 retardantes
1368 2339 1598 2405 superari
1624 2338 1864 2405 possint.1

341 2422 391 2472 9.
441 2419 610 2482 Quare
645 2420 790 2474 hisce
823 2439 1097 2491 supremae
1133 2423 1469 2475 auctoritatis
1507 2423 1703 2475 litteris
1741 2424 2099 2491 obsequente3‚

196 2507 482 2559 statuimus
505 2524 600 2559 nos
623 2508 762 2560 nihil
785 2508 1117 2561 intentatum
1140 2510 1431 2573 relicturOS,
1449 2510 1569 2560 aliis
1594 2510 1868 2561 nobiscum
1893 2528 2102 2578 cooper-

196 2592 427 2656 antibus,
446 2609 551 2660 quo
569 2594 963 2646 constituantur
988 2594 1240 2666 collegia,
1259 2600 1315 2647 et
1334 2595 1638 2647 efformetur
1664 2596 2099 2646 Examinatorum

196 2692 383 2744 corpus
429 2676 499 2728 ad
546 2679 872 2746 provectiora
920 2681 1099 2732 studia
1150 2698 1325 2732 annuo
1372 2681 1615 2732 examine
1663 2681 1945 2748 probanda,
1984 2698 2101 2747 pro-

197 2761 471 2826 movenda,
496 2765 554 2813 et
581 2763 744 2831 juxta
783 2765 976 2817 merita
1013 2756 1263 2834 praemiis
1304 2766 1564 2829 donanda,
1591 2768 1646 2817 et
1678 2766 1745 2815 ad
1778 2766 2101 2816 academicos

96 2845 101 2850 ’
198 2847 389 2917 gradus
427 2847 781 2914 conferendOS,
822 2866 1026 2902 necnon
1065 2852 1133 2903 ad
1176 2852 1281 2902 alia
1319 2852 1632 2920 praestanda
1674 2852 1866 2919 quibus
1907 2852 1995 2903 via
2031 2852 2100 2905 ad

197 2932 401 3003 proprie
425 2933 598 2987 dictae
624 2934 1002 2990 Universitatis
1026 2936 1396 2990 fundationem
1420 2941 1697 2989 sternatur.

293 3618 311 3644 ¹
325 3615 436 3657 Vide
448 3615 649 3658 Arrm.
669 3615 836 3668 XVII„
849 3630 890 3671 p.
909 3619 1007 3669 33'2;
1032 3632 1095 3670 ac,
1111 3619 1163 3661 de
1176 3618 1438 3660 Educatione
1451 3617 1603 3665 Mixta,
1621 3618 1663 3657 et
1675 3615 1725 3656 de
1737 3614 2097 3660 Universitatibus

203 3682 471 3735 Acatholicis‚
493 3683 607 3735 XV„
627 3696 670 3738 p.
695 3686 785 3735 321,
809 3687 852 3726 et
870 3685 1013 3737 XVI„
1034 3698 1075 3740 p.
1101 3688 1191 3727 330.
