2514 4504
1015 448 1297 492 nucitum.
1981 433 2102 493 221

197 601 480 654 dicationis
522 598 834 652 exercitium
874 595 993 665 jam
1041 597 1101 647 in
1146 594 1439 648 Seminario
1481 596 1813 649 edoceantur.
1888 599 2111 651 Attente

197 687 380 755 legant
423 685 476 737 S.
513 684 802 753 Augustini
846 682 1004 733 libros
1055 679 1120 732 de
1167 678 1589 732 Catechizandis
1630 680 1912 745 Rudibus,
1952 688 2007 734 et
2046 682 2111 735 de

196 769 468 824 Doctrina
495 766 838 831 Christiana,
865 771 921 819 et
945 766 1322 817 instructiones
1348 766 1402 818 S.
1431 766 1621 831 Caroli,
1647 772 1708 818 ut
1739 769 1948 818 animus
1984 770 2112 836 ipsis

197 857 423 909 addatur
470 856 538 907 ad
587 854 968 923 acquirendum
1017 851 1271 920 majorem
1314 854 1573 920 pietatem
1616 868 1820 903 necnon
1864 853 2111 920 spiritum

197 943 450 996 orationis
475 946 532 994 et
556 941 827 993 doctrinae
850 939 1167 1008 profectum,
1194 938 1582 989 considerantes
1619 937 1791 1005 qualis
1830 938 2110 1005 Evangelii

197 1045 382 1098 praeco
405 1044 515 1079 esse
539 1027 748 1088 debeat,
774 1029 838 1076 ut
862 1024 1075 1076 felicem
1101 1024 1182 1074 sui
1208 1023 1400 1074 laboris
1438 1023 1646 1074 exitum
1686 1039 1890 1091 sperare
1929 1024 2111 1090 possit.

199 1113 482 1183 Evangelii
529 1129 717 1180 praeco
762 1128 967 1178 semper
1009 1126 1212 1161 memor
1253 1110 1326 1159 sit
1368 1113 1768 1176 praeceptorum
1811 1107 1866 1161 S.
1909 1106 2109 1160 Caroli:

197 1204 232 1231 ‘⁶
249 1199 579 1250 Elocutionis
604 1214 771 1267 genus
797 1196 1127 1264 exquisitum
1150 1210 1219 1245 ne
1237 1193 1473 1257 affectet,
1493 1194 1678 1245 fucum
1702 1210 1916 1245 omnem
1937 1194 2113 1262 fugiat

200 1320 429 1337 .....
467 1282 656 1335 inflata
681 1282 918 1334 oratione
941 1298 1010 1333 ne
1034 1284 1236 1344 utatur,
1262 1280 1353 1331 sed
1384 1280 1551 1349 gravi.
1592 1317 1605 1331 .
1645 1317 1658 1331 .
1700 1317 1713 1330 .
1754 1318 1767 1330 .
1807 1278 2114 1333 Consideret

197 1387 253 1423 se
275 1370 592 1439 piscatorem
617 1369 896 1419 hominum
915 1384 1057 1420 esse:
1096 1367 1216 1418 ideo
1234 1383 1419 1417 nervos
1444 1383 1624 1418 omnes
1648 1365 1921 1417 intendere
1940 1366 2113 1430 debet,

196 1461 357 1525 atque
394 1456 514 1507 ideo
554 1454 828 1523 expiscari,
852 1457 918 1505 ut
957 1469 1208 1522 sagenam
1248 1451 1613 1521 evangelicam
1653 1451 1895 1519 impleat,
1920 1468 2112 1520 nempe

196 1543 399 1594 animas
423 1542 764 1610 pereuntium
792 1539 999 1592 Christo
1024 1539 1256 1591 Domino
1281 1536 1626 1589 lucrifaciat.”

340 1640 419 1693 Ut
453 1640 677 1691 studiosi
714 1640 773 1689 in
815 1638 1226 1707 praedicationis
1252 1637 1503 1688 exercitio
1528 1637 1886 1688 instituantur
1908 1654 1969 1689 ac
1993 1654 2112 1707 pro-

195 1727 398 1790 ficiant,
435 1725 564 1777 Pius
607 1725 756 1793 Papa
797 1724 916 1789 IX.,
954 1725 1012 1775 in
1054 1724 1374 1793 Apostolicis
1414 1724 1635 1775 Litteris
1677 1722 1822 1776 Cum
1860 1722 2112 1777 Romani

193 1808 505 1880 Pontifici-9,
531 1828 623 1879 pro
650 1810 947 1861 Seminario
973 1810 1072 1861 Pio
1098 1810 1375 1878 sequentia
1400 1810 1699 1861 ordinavit:
1742 1814 1776 1841 “
1797 1810 1899 1861 Pro
1924 1810 2110 1862 Divini

194 1899 339 1951 verbi
363 1898 643 1967 praeconio
668 1896 954 1947 exercendo
980 1896 1285 1959 statuimuS,
1311 1900 1376 1946 ut
1400 1895 1576 1963 plures
1603 1895 1868 1964 eligantur
1887 1896 2111 1964 juvenes

192 1985 371 2037 idonei
420 1982 719 2051 theologiae
767 1981 1038 2050 discipuli,
1081 1983 1176 2050 qui
1225 1982 1367 2033 inter
1414 1981 1701 2032 Missarum
1750 1981 2005 2032 solemnia
2045 2000 2109 2034 ex

193 2073 446 2139 suggestu
465 2067 751 2136 explanent
772 2083 915 2118 sacra
934 2066 1260 2136 evangelia.’'
1334 2067 1584 2137 Eligatur
1601 2067 1821 2118 idoneus
1840 2067 2110 2119 ecclesias-

193 2154 334 2206 ticus
352 2154 433 2206 vir
456 2157 490 2184 “
506 2153 602 2221 qui
626 2152 826 2221 proprii
847 2151 1129 2203 Seminarii
1148 2152 1391 2204 alumnos
1411 2153 1721 2221 opportunis
1739 2153 2035 2221 praeceptis
2054 2158 2110 2206 et

190 2238 446 2308 exemplis
470 2239 539 2289 ad
563 2237 872 2304 hujusmodi
897 2238 1211 2290 exercitium
1236 2255 1510 2306 sacrasque
1544 2239 1818 2290 conciones
1856 2239 2109 2307 privatim

192 2324 402 2377 erudiat
425 2327 481 2376 et
504 2322 785 2375 instruat.'’

335 2423 450 2485 Quo
498 2424 694 2475 certius
744 2424 1025 2492 acquirant
1072 2423 1387 2475 facultatem
1440 2424 1665 2476 aliorum
1722 2422 2109 2493 intelligentias

193 2509 518 2579 explorandi,
559 2512 616 2560 et
662 2508 791 2560 fidei
838 2509 1091 2578 mysteria
1133 2509 1202 2560 ad
1251 2513 1473 2577 captum
1521 2508 1869 2576 plurimorum
1918 2509 2109 2561 clarius

192 2594 536 2664 proponendi,
560 2611 696 2662 quae
719 2594 1001 2662 praecipue
1033 2594 1411 2663 praedicatoris
1448 2599 1575 2645 sunt
1612 2599 1806 2661 parteS,
1831 2594 2010 2646 sedulo
2049 2596 2107 2646 in

193 2679 580 2732 catechizandis
612 2679 832 2731 rudibus
866 2683 1204 2731 exerceantur
1240 2679 1619 2731 seminaristae.
1696 2677 2108 2745 Catechismum,

195 2766 237 2818 si
263 2764 377 2818 fieri
402 2766 639 2834 potest,
623 2783 682 2816 1n
707 2765 898 2817 scholis
922 2782 954 2816 a
979 2764 1276 2818 Seminario
1301 2766 1445 2817 haud
1469 2765 1625 2835 longe
1650 2765 1851 2816 dissitis
1876 2767 2108 2830 tradant,

195 2851 520 2921 impletoque
545 2868 764 2902 munere
788 2851 857 2902 ad
881 2850 1239 2903 Seminarium
1264 2853 1663 2921 quamprimum
1688 2852 1921 2903 redeant.

341 2957 425 3008 15.
476 2955 772 3008 Sacerdotis
799 2959 879 3007 est
903 2956 1252 3007 conscientias
1277 2956 1521 3024 dirigere,
1547 2957 1856 3024 animasque
1881 2958 1948 3008 ad
1991 2975 2107 3025 per-

196 3042 480 3094 fectionem
528 3040 916 3091 manuducere:
978 3045 1300 3109 quapropter
1349 3040 1589 3109 Synodus
1632 3042 1895 3093 desiderat
1936 3048 1998 3093 ut
2048 3044 2104 3094 in

196 3115 503 3178 Seminariis
528 3126 742 3194 aliquod
782 3128 1035 3194 temporis
1075 3128 1311 3195 spatium
1353 3128 1695 3195 impendatur
1738 3128 1913 3179 studio
1956 3129 2106 3180 theo-

195 3211 365 3282 logiae
403 3212 676 3275 asceticae,
701 3212 1174 3280 convenientesque
1214 3213 1279 3264 de
1323 3212 1420 3264 hac
1464 3214 1687 3264 scientia
1729 3213 2105 3266 instructiones

196 3297 404 3360 dentur,
426 3301 492 3348 ut
533 3298 612 3364 pii
651 3297 832 3348 fideles
870 3315 964 3366 pro
1005 3298 1297 3349 directione
1336 3299 1604 3366 spirituali
1643 3316 1767 3350 cum
1805 3299 1999 3351 fiducia
2035 3301 2102 3351 ad

195 3373 493 3441 animarum
518 3387 751 3450 pastores
776 3383 1048 3434 accedant.

343 3482 425 3533 16.
475 3480 653 3542 Quum
697 3498 790 3532 suo
833 3485 1071 3550 tempore
1113 3482 1172 3533 in
1210 3483 1362 3534 rebus
1387 3483 1701 3534 missionum
1726 3487 1782 3534 et
1807 3483 2100 3535 scholarum

195 3566 623 3617 administrandis
649 3583 860 3633 operam
886 3567 1063 3617 daturi
1090 3568 1199 3618 sint
1223 3568 1444 3630 alumni,
1470 3568 1780 3619 methodum
1806 3569 2100 3638 registrales

196 3650 351 3700 libros
376 3651 753 3713 conscribendi,
768 3651 1005 3702 redditus
1029 3656 1084 3702 et
1110 3668 1360 3719 expensas
1376 3653 1536 3720 juxta
1560 3654 1879 3719 praescripta
1899 3651 2097 3704 Concil.
