2514 4504
867 820 1601 897 APPROBATIO.

998 1100 1486 1163 DECRETUM

489 1246 540 1295 s.
577 1232 1164 1294 cONGREGATIONrs
1199 1244 1288 1292 DE
1323 1244 1775 1293 PROPAGANDA
1811 1243 1988 1293 FIDE.

424 1373 528 1426 Vix
554 1376 742 1426 datum
769 1375 876 1426 fuit
902 1374 1125 1442 Angliae
1163 1373 1499 1424 antistitibus
1526 1389 1587 1423 ea
1612 1374 1715 1423 rite
1740 1374 2017 1441 disponere
2053 1388 2189 1440 quae

278 1478 372 1530 pro
433 1461 691 1529 regimine
738 1459 1095 1510 Ecclesiarum
1151 1474 1317 1526 nuper
1391 1459 1760 1508 institutarum
1838 1459 1983 1509 illico
2039 1464 2189 1509 erant

282 1546 607 1614 praestanda,
658 1545 1128 1595 Eminentissimus
1173 1560 1235 1595 ac
1286 1544 1773 1596 Reverendissimus
1823 1545 1887 1596 D.
1938 1543 2190 1595 Nicolaus

278 1632 432 1681 tituli
450 1630 503 1683 S.
526 1630 892 1681 Pudentianae
910 1628 963 1681 S.
991 1628 1054 1680 R.
1073 1627 1136 1678 E.
1157 1629 1439 1681 cardinalis
1458 1630 1748 1692 Wiseman,
1768 1629 2190 1699 archiepiscopus

278 1717 869 1778 WestmonasoeriensiS,
933 1715 986 1767 S.
1051 1714 1277 1766 Concilii
1338 1715 1640 1766 Tridentini
1691 1716 2190 1784 praescriptionibus

278 1804 569 1864 inhaerenS,
585 1802 650 1852 de
666 1801 978 1869 provinciali
998 1800 1211 1870 Synodo
1230 1801 1467 1870 cogenda
1483 1818 1662 1852 curam
1681 1802 1929 1869 suscepit.
1987 1801 2192 1852 Habita

278 1889 462 1939 eadem
481 1891 561 1938 est
577 1887 720 1954 apud
738 1885 1035 1955 Collegium
1054 1885 1107 1937 S.
1124 1885 1327 1937 Mariae
1347 1887 1414 1936 de
1434 1885 1638 1950 Oscott,
1654 1888 1930 1954 tribusque
1949 1887 2190 1938 sessioni-

279 1974 375 2025 bus
400 1972 672 2032 absoluta3
717 1971 901 2022 diebus
926 1971 1182 2021 nimirum
1207 1972 1453 2038 septima,
1473 1971 1681 2021 decima
1707 1973 1884 2034 tertia,
1902 1988 1964 2022 ac
1983 1972 2190 2023 decima

277 2060 507 2126 Septima
515 2058 550 2109 J
553 2057 651 2107 ulii
666 2057 793 2107 anni
809 2058 944 2107 1852
960 2076 972 2108 z
999 2056 1134 2106 actis
1150 2057 1610 2120 deinde,decretis,
1621 2057 1845 2124 aliisque
1855 2057 2194 2126 synodalibus

277 2144 509 2212 placitis,
534 2143 602 2193 ad
623 2143 676 2193 S.
699 2140 754 2194 O.
775 2159 868 2210 pro
893 2142 1150 2192 revisione
1175 2158 1236 2192 ac
1261 2142 1624 2210 recognitione
1649 2144 1984 2195 transmissis.
2029 2144 2190 2197 Porro

278 2233 523 2281 accurato
543 2228 784 2279 adhibito
802 2227 1045 2278 examine
1061 2228 1118 2277 in
1136 2228 1371 2294 generali
1392 2227 1446 2280 S.
1475 2226 1909 2298 Congregationis
1925 2234 2191 2281 conventu

278 2316 463 2367 habito
502 2315 589 2365 die
634 2316 665 2363 8
707 2313 895 2364 Martii
945 2315 1100 2376 1853,
1143 2313 1330 2364 relatio
1372 2315 1640 2381 proposita
1678 2319 1759 2365 est
1797 2332 1889 2382 per
1930 2315 2191 2366 Eminen-

278 2402 549 2453 tissimum
586 2416 648 2450 ao
690 2399 1205 2451 Reverendissimum
1248 2400 1526 2452 dominum
1565 2400 1900 2451 Ludovicum
1938 2399 1993 2452 S.
2031 2401 2095 2452 R.
2124 2401 2188 2453 E.

282 2487 431 2540 Card.
458 2486 766 2549 Altierium,
809 2485 1158 2553 omnibusque
1195 2486 1299 2537 rite
1338 2486 1625 2553 perpensiS,
1664 2486 2091 2536 Eminentissimi
2128 2504 2189 2538 ac

280 2571 723 2624 Reverendissimi
772 2570 882 2622 ΡΡ.
931 2576 1083 2640 gesta
1142 2571 1361 2639 quidem
1418 2571 1710 2639 plurimum
1771 2573 2190 2623 commendanda

280 2661 563 2721 duxerunt,
611 2658 918 2724 praesertim
967 2657 1035 2708 ob
1083 2656 1347 2726 singulare
1409 2658 1650 2708 studium
1699 2674 1804 2725 quo
1864 2674 1971 2709 uno
2021 2658 2190 2709 veluti

280 2745 571 2810 eodemque
614 2742 806 2810 spiritu
847 2742 911 2792 de
953 2742 1224 2810 religionis
1273 2742 1410 2793 bono
1458 2747 1621 2810 atque
1670 2744 1970 2794 animarum
2020 2744 2190 2795 salute

281 2828 636 2899 promovenda
678 2827 930 2895 episcopi,
979 2827 1357 2895 adjuvantibus
1406 2828 1750 2891 administriS,
1800 2829 2190 2882 adlaborarunt.

281 2898 566 2985 Nonnullis
592 2929 712 2962 vero
728 2912 889 2980 juxta
913 2912 1231 2979 peculiarem
1268 2914 1678 2965 instructionem
1704 2914 2190 2967 modificationibus

281 2986 525 3071 peractis,
561 2996 804 3061 Decreta,
842 2997 1061 3049 Statuta
1096 2999 1263 3049 etiam
1300 3016 1394 3066 pro
1431 2999 1683 3067 capitulis
1720 3001 2091 3051 canonicorum
2128 3017 2191 3051 ac

282 3086 593 3138 methodum
619 3085 757 3134 circa
780 3087 1003 3135 rectores
1035 3084 1408 3148 missionariOS,
1432 3085 1619 3137 habita
1654 3086 1963 3152 praesertim
1989 3088 2191 3138 ratione

282 3172 423 3240 quod
461 3170 701 3222 canonici
729 3169 865 3237 juris
901 3169 1233 3221 observantia
1269 3170 1411 3221 haud
1447 3171 1504 3222 in
1538 3171 1784 3223 omnibus
1808 3171 1992 3223 induci
2017 3172 2191 3224 adhuc

284 3258 475 3319 valeat,
501 3255 769 3323 probanda
792 3259 1123 3307 censuerunt.

428 3341 760 3392 Sententiam
810 3356 928 3390 vero
978 3339 1032 3391 S.
1085 3339 1523 3410 Congregationis
1575 3341 1923 3394 Sanctissimo
1972 3342 2190 3394 domino

283 3427 474 3479 Nostro
500 3426 599 3476 Pio
626 3426 734 3476 ΡΡ.
769 3426 888 3488 ΙΧ.,
914 3426 981 3477 ab
1005 3426 1339 3494 infrascripto
1377 3428 1647 3479 secretario
1674 3428 1730 3477 in
1769 3429 2044 3479 audient-ia
2081 3430 2189 3480 diei

289 3516 352 3562 13
379 3511 566 3561 Martii
593 3511 832 3573 relatam,
874 3511 1140 3562 Sanctitas
1168 3511 1275 3562 Sua
1314 3512 1543 3579 benigne
1570 3513 1628 3563 in
1654 3514 1899 3564 omnibus
1925 3514 2188 3582 probavit,

281 3596 555 3649 contrariis
580 3596 978 3663 quibuscunque
1004 3597 1147 3647 haud
1172 3597 1522 3648 obstantibus.

426 3682 549 3732 Dat.
578 3681 776 3732 Romae
799 3698 862 3732 ex
888 3682 1016 3733 Aed.
1046 3682 1098 3733 S.
1127 3681 1183 3732 C.
1211 3682 1276 3732 de
1302 3683 1362 3732 P.
1391 3683 1472 3744 F„
1498 3682 1583 3732 die
1613 3685 1677 3731 14
1704 3683 1858 3743 Maii,
1887 3686 2041 3736 1853.

1022 3772 1059 3825 J
1063 3773 1208 3824 .-ΡΗ.
1238 3773 1387 3825 Card.
1418 3774 1719 3835 FRANsoNI,
1746 3773 1934 3843 Praef.

427 3874 489 3925 L.
518 3876 581 3952 »χι
608 3872 661 3925 S.
1477 3873 1559 3924 Al.
1588 3874 1868 3937 BARNABO,
1893 3890 1930 3925 a
1954 3874 2183 3930 seeretis.
