2514 4504
506 457 627 518 100
1041 477 1203 520 conc.
1249 477 1416 520 PRov.
1460 477 1685 520 wns'rM.
1730 477 1795 520 11.

1177 621 1581 675 DECRETUM
1636 622 1701 673 V.

1085 746 1166 800 De
1203 745 1530 816 officialibus
1567 745 1803 815 Synodi-

1158 939 1560 993 DECRETUM
1628 941 1724 992 VI.

634 1062 714 1115 De
739 1062 1034 1131 judicibus
1069 1065 1137 1118 in
1174 1066 1360 1119 causis
1390 1065 1784 1150 personalibus
1822 1066 2243 1125 comtitumdis.

494 1187 811 1256 (Constituti
848 1195 972 1240 sunt
1008 1190 1073 1242 R.
1108 1190 1170 1241 P.
1206 1190 1272 1242 D.
1311 1190 1604 1260 Episcopus
1640 1193 2029 1248 Beverlacensis
2061 1201 2119 1247 et
2141 1197 2208 1250 R.
2232 1197 2294 1249 P.
2320 1197 2403 1250 D.⁴

991 1275 1282 1344 Episcopus
1309 1276 1885 1350 Birminghamiensis.)
1923 1338 1925 1340 ,

1145 1465 1547 1518 DECRETUM
1607 1467 1735 1520 VII.

1115 1590 1198 1645 De
1244 1609 1364 1645 'non
1409 1589 1756 1646 discedendo·

1128 1797 1533 1851 DECRETUM
1591 1800 1749 1853 VIII.

1080 1931 1161 1985 De
1197 1931 1358 1985 bonis
1400 1931 1790 1988 ecclesiasticis.

632 2067 678 2119 Ι.
727 2065 875 2119 Bona
916 2083 1050 2135 quae
1092 2083 1125 2118 a
1165 2066 1410 2118 fidelibus
1448 2067 1507 2117 in
1547 2067 1843 2138 Religionis
1872 2072 2307 2140 propagationem
2331 2076 2389 2124 et

488 2156 741 2217 decorem,
767 2153 892 2204 cleri
917 2153 1372 2215 sustentationem,
1391 2168 1684 2220 pauperum
1710 2153 2127 2207 sublevationem
2153 2157 2388 2225 aliosque

487 2240 602 2308 pios
660 2255 785 2290 usus
845 2241 1142 2306 erogantur,
1201 2237 1312 2288 Deo
1371 2241 1428 2287 et
1488 2237 1755 2290 Ecclesiae
1815 2239 2010 2300 donata
2071 2245 2384 2305 censentur-3

489 2340 772 2391 eorumque
796 2322 1245 2374 administratores
1269 2339 1359 2374 seu
1376 2325 1655 2386 curatoreS,
1671 2324 1781 2375 sive
1795 2324 1895 2376 viri
1916 2325 2257 2377 ecclesiastici
2277 2328 2386 2378 sive

488 2411 613 2461 laici
638 2410 851 2471 fuerint,
875 2407 1012 2458 nihil
1036 2407 1265 2474 amplius
1298 2422 1460 2475 quam
1498 2424 1679 2458 eorum
1715 2409 2113 2477 dispensatores,
2150 2411 2260 2462 Deo
2283 2412 2388 2480 ipsi

489 2495 746 2547 reddituri
781 2493 1060 2554 rationem,
1099 2495 1225 2542 sunt
1259 2490 1505 2542 habendi.
1579 2490 1714 2543 Oum
1756 2493 1925 2562 igitur
1964 2495 2053 2546 hic
2086 2495 2205 2563 jam
2247 2497 2390 2548 inter

489 2581 868 2647 dispensatores
900 2581 1182 2645 quaeratur
1215 2581 1279 2628 ut
1311 2577 1484 2629 fidelis
1519 2578 1637 2645 quis
1672 2578 1994 2643 inveniatur,
2029 2580 2094 2631 de
2130 2580 2217 2643 iiS,
2252 2598 2388 2648 quae

489 2670 688 2717 rectam
727 2664 983 2715 bonorum
1016 2663 1485 2714 ecclesiasticorum
1521 2663 2038 2716 administrationem
2078 2666 2387 2733 respiciunt,

488 2753 547 2803 in
582 2750 681 2801 hac
717 2749 927 2818 Synodo
950 2748 1159 2815 plenius
1193 2747 1343 2799 nobis
1379 2749 1644 2817 agendum
1668 2750 1894 2814 videtur,
1918 2753 2045 2819 quia
2079 2753 2386 2820 praesertim

490 2838 548 2887 in
571 2837 742 2904 primo
773 2833 1084 2902 provinciali
1110 2831 1363 2896 Concilio,
1387 2834 1539 2885 rebus
1574 2833 1788 2902 majoris
1823 2837 2085 2887 momenti
2121 2838 2385 2911 occupati,

489 2921 794 2989 hujusmodi
817 2919 1093 2970 materiam
1117 2919 1185 2969 ad
1221 2922 1432 2986 tempus
1457 2920 1803 2987 opportunius
1826 2922 2197 2975 remiserimuS.

632 3005 710 3056 ΙΙ.
760 3004 937 3073 Igitur
972 3002 1368 3053 allaborandum
1403 3007 1470 3054 ut
1504 3006 1650 3055 omni
1685 3006 1844 3056 modo
1880 3006 2264 3059 determinetur
2314 3007 2382 3078 (si

490 3091 713 3159 dubium
761 3088 1001 3158 exsistat)
1047 3089 1278 3140 intentio
1326 3092 1382 3139 et
1429 3089 1639 3140 animus
1687 3090 1955 3142 donatoris
1991 3095 2081 3143 vet
2116 3095 2383 3145 testatoris

490 3176 714 3243 alicujus
767 3174 937 3235 fundi,
986 3177 1043 3224 et
1094 3177 1160 3224 ut
1213 3174 1335 3225 usui
1388 3173 1456 3225 ab
1509 3174 1624 3242 ipso
1674 3174 1896 3226 definito
1955 3175 2122 3244 ipsius
2180 3177 2382 3230 fructus

490 3259 881 3313 accuratissime
917 3258 1266 3326 applicentur.

633 3346 740 3397 III.
792 3343 850 3395 Si
885 3361 1005 3395 vero
1053 3343 1355 3411 hujusmodi
1402 3343 1634 3394 intentio
1682 3360 1789 3395 non
1837 3348 2043 3397 constet
2091 3364 2156 3398 ex
2204 3348 2381 3417 aliquo

490 3436 632 3484 certo
669 3431 1000 3492 documento,
1037 3429 1315 3479 servandae
1351 3432 1475 3479 sunt
1509 3429 1718 3496 regulae
1767 3431 1874 3482 sive
1921 3448 2144 3484 canones
2191 3434 2381 3502 quibus

491 3520 555 3570 de
591 3516 689 3568 tali
726 3515 1000 3566 voluntate
1035 3516 1177 3563 recte
1204 3513 1436 3580 judicari
1460 3514 1643 3580 possit.

633 3601 728 3652 IV.
778 3598 1204 3665 Quotiescunque
1241 3599 1472 3666 erigatur
1507 3603 1604 3649 aut
1638 3600 1975 3667 provideatur
2021 3602 2240 3654 ecclesia
2287 3621 2379 3655 seu

492 3687 681 3748 schola,
720 3686 828 3735 sive
876 3683 1023 3733 aliud
1059 3683 1280 3749 quodvis
1329 3684 1631 3734 aedificium
1666 3686 1846 3736 usibus
1894 3686 2164 3754 religionis
2214 3688 2378 3738 desti-

490 3776 677 3823 natum
704 3771 812 3820 sive
837 3784 901 3819 ex
923 3769 1129 3834 integro
1154 3768 1263 3818 sive
1287 3784 1351 3818 ex
1374 3772 1523 3835 parte
1546 3770 1784 3836 pecuniis
1820 3770 2026 3821 collatis
2049 3787 2082 3820 a
2116 3771 2376 3833 fidelibus,
