2514 4504
862 566 922 607 11.
970 563 1214 608 APPEND.
1263 564 1299 605 1.
1949 545 2024 603 81

129 715 380 780 tionibus,
415 733 476 767 ac
514 714 808 784 privilegiis
853 713 1106 782 cujusque
1146 711 1368 780 generiS,
1404 713 1459 760 et
1500 708 1971 760 consuetudinibus
2005 725 2035 757 a

126 818 439 870 quocunque
459 802 625 852 etiam
652 800 1015 852 vetustissimo
1031 802 1087 850 et
1111 794 1521 848 immemorabili
1544 800 1778 862 tempore
1804 794 2036 844 inductis
2090 821 2094 825 ⁴

124 903 336 938 omnem
363 903 569 955 prorsus
595 885 868 954 obligandi
895 887 989 935 aut
1005 883 1144 951 juris
1170 880 1423 932 afferendi
1450 881 1560 930 vim
1600 896 1663 930 ex
1702 877 2036 946 plenitudine

123 973 457 1041 Apostolicae
494 971 717 1023 Nostrae
755 968 1090 1021 auctoritatis
1121 967 1360 1019 tollimus
1394 971 1449 1018 et
1486 967 1816 1035 abrogamus.
1893 964 2037 1014 Hinc

124 1058 529 1127 Archiepiscopo
579 1060 635 1107 et
684 1055 963 1125 Episcopis
1022 1053 1248 1123 Angliae
1297 1052 1567 1122 integrum
1626 1052 1728 1103 erit
1777 1069 1838 1102 ea
1887 1067 2037 1118 porro

125 1145 415 1207 decernere,
475 1159 611 1211 quae
668 1142 737 1193 ad
786 1140 1083 1192 communis
1132 1139 1270 1208 juris
1314 1140 1706 1190 exsecutionem
1750 1139 2038 1207 pertinent,

124 1245 324 1297 quaeve
361 1245 425 1280 ex
466 1227 701 1296 generali
740 1227 856 1295 ipsa
893 1225 1158 1277 Ecclesiae
1193 1225 1475 1292 disciplina
1503 1225 1885 1293 Episcoporum
1915 1240 2038 1274 auc-

125 1315 333 1366 toritati
358 1314 611 1382 permissa
636 1316 776 1363 sunt.
851 1311 959 1363 Nos
984 1316 1167 1363 autem
1192 1311 1336 1362 haud
1362 1314 1499 1362 certe
1525 1311 1836 1361 omittemus
1861 1310 2037 1360 adesse

124 1400 233 1451 illis
276 1399 581 1468 Apostolica
622 1400 938 1451 auctoritate
981 1397 1191 1461 Nostra,
1229 1403 1286 1448 et
1327 1397 1613 1465 perlibenti
1649 1398 1812 1447 etiam
1858 1397 2037 1447 animo

126 1485 598 1537 obsecundabimus
629 1484 933 1535 eorumdem
967 1484 1415 1552 postulationibus
1453 1485 1510 1535 in
1536 1484 1621 1547 iis,
1647 1501 1780 1551 quae
1820 1484 1887 1533 ad
1926 1500 2039 1532 ma-

118 1571 288 1640 jorem
318 1569 504 1621 Divini
541 1570 773 1621 nominis
806 1570 1030 1639 gloriam
1060 1570 1464 1637 animarumque
1490 1570 1717 1621 salutem
1748 1569 2038 1621 conducere

129 1656 238 1707 visa
275 1656 489 1707 fuerint.
565 1643 848 1706 Enimvero
889 1654 996 1706 Nos
1036 1656 1094 1705 in
1123 1656 1464 1707 restitutione
1490 1655 1783 1707 ordinariae
1821 1654 2039 1722 Episco-

125 1759 314 1810 porum
357 1741 715 1804 Hierarchiae,
764 1744 820 1792 et
868 1741 1166 1792 communis
1208 1741 1474 1792 Ecclesiae
1502 1741 1640 1809 juris
1679 1741 2038 1793 observatione

125 1827 317 1879 nostris
331 1827 476 1877 hisce
495 1826 688 1877 litteris
708 1826 1030 1877 decernenda
1050 1843 1110 1877 eo
1129 1826 1346 1894 quidem
1364 1827 1644 1894 praecipue
1665 1827 2038 1894 spectavimuS‚

126 1917 188 1964 ut
223 1911 515 1964 catholicae
533 1910 803 1979 religionis
818 1928 911 1979 per
928 1911 1154 1981 Angliae
1178 1927 1403 1980 regnum
1428 1912 1767 1979 prosperitati
1794 1915 1849 1962 et
1873 1912 2039 1963 incre-

126 2001 307 2049 mento
349 1997 795 2065 prospiceremus3
859 1997 949 2048 sed
992 2013 1099 2047 una
1140 1997 1301 2048 simul
1343 1997 1672 2064 propositum
1722 1996 1773 2046 Ν
1776 1997 1892 2066 obis·
1931 1998 2035 2049 fuit

125 2084 262 2134 votis
287 2099 514 2134 annuere
539 2085 661 2133 tum
685 2082 1086 2134 Venerabilium
1112 2081 1362 2133 Fratrum
1386 2099 1447 2132 eo
1479 2082 1537 2132 in
1569 2098 1732 2150 regno
1770 2099 1936 2134 sacras
1961 2101 2038 2134 res

125 2169 321 2221 vicaria
358 2167 692 2236 Apostolicae
727 2167 877 2220 Sedis
914 2168 1237 2219 auctoritate
1280 2168 1689 2232 moderantium,
1715 2173 1835 2220 tum
1873 2170 2039 2238 pluri-

125 2269 333 2303 morum
377 2252 694 2303 dilectorum
737 2251 1000 2325 Filiorum
1048 2268 1112 2303 ex
1164 2251 1424 2302 catholico
1470 2251 1608 2303 clero
1647 2270 1708 2303 ac
1751 2254 1965 2321 popuIO,
2006 2272 2038 2305 a

125 2335 317 2404 quibus
355 2334 771 2402 impensissimas
808 2334 867 2384 in
897 2350 1022 2385 eum
1059 2333 1221 2384 finem
1253 2350 1431 2401 preces
1462 2351 1843 2402 acceperamus.
1920 2335 2038 2387 Hoc

124 2422 301 2489 ipsum
325 2436 432 2470 non
458 2419 619 2471 semel
642 2419 1042 2487 postulaverant
1066 2419 1282 2469 illorum
1307 2419 1532 2487 majores
1565 2436 1597 2470 a
1627 2419 2038 2472 Praedecessori-

124 2506 223 2558 bus
247 2505 474 2568 Nostris,
492 2506 586 2573 qui
612 2521 733 2556 sane
757 2505 996 2556 Vicarios
1021 2504 1351 2572 Apostolicos
1376 2509 1494 2555 tum
1520 2505 1735 2555 demum
1761 2506 1817 2556 in
1843 2506 2037 2576 Anglia

124 2591 379 2659 deputare
403 2591 505 2641 orsi
531 2590 741 2641 fuerant
766 2607 890 2642 cum
914 2589 1052 2640 nulli
1078 2590 1281 2641 ibidem
1320 2606 1531 2640 manere
1562 2594 1810 2657 poterant
1844 2590 2037 2643 Catho-

124 2676 529 2727 liciAntistites
552 2676 819 2743 propriam
854 2675 913 2726 in
950 2693 1112 2744 regno
1149 2676 1264 2743 ipso
1303 2676 1598 2727 Ecclesiam
1623 2676 1885 2728 ordinario
1915 2678 2037 2746 jure

125 2762 444 2824 obtinentes,
470 2765 631 2829 atque
655 2761 781 2812 hinc
806 2761 1022 2813 illorum
1047 2760 1330 2812 consilium
1363 2762 1421 2812 in
1455 2762 1783 2812 Vicariorum
1818 2780 2036 2816 numero

126 2851 182 2899 et
217 2847 556 2899 vicarialibus
594 2846 725 2915 ipsis
759 2847 1091 2899 districtibus
1129 2848 1375 2915 deinceps
1409 2849 1607 2899 iterum
1640 2853 1803 2916 atque
1840 2850 2036 2901 iterum

125 2932 568 3000 multiplicandis,
606 2949 714 2983 non
753 2950 814 2984 eo
854 2936 996 2984 certe
1036 2934 1311 3000 spectabat
1353 2940 1417 2984 ut
1467 2916 1786 2985 catholicam
1823 2953 1935 2986 rem
1978 2935 2039 2987 in

124 3018 350 3087 Angliae
382 3034 544 3088 regno
569 3018 980 3069 extraordinaria
1011 3018 1219 3087 jugiter
1260 3020 1465 3070 rat-ione
1498 3020 1910 3084 moderarentur,
1945 3024 2034 3074 sed

122 3105 303 3173 potius
327 3107 392 3155 ut
416 3103 530 3171 ejus
554 3104 882 3155 incremento
915 3108 1072 3171 prout
1107 3110 1348 3172 tempora
1383 3105 1621 3156 ferebant
1656 3106 2034 3173 prospicientes

123 3191 268 3242 viam
315 3205 423 3240 una
472 3189 632 3240 simul
674 3194 917 3256 pararent
957 3190 1250 3241 ordinariae
1285 3191 1398 3242 illic
1438 3191 1778 3243 Hierarchiae
1817 3194 2033 3245 tandem

123 3275 406 3343 aliquando
431 3275 790 3326 insturandae.
865 3276 1059 3343 Itaque
1094 3275 1220 3341 Nos,
1265 3276 1459 3344 quibus
1496 3281 1712 3329 tantum
1753 3296 1883 3346 opus
1919 3297 2034 3347 per-

122 3361 276 3412 ficere
301 3377 508 3412 summo
544 3360 646 3411 Dei
683 3360 937 3412 beneficio
963 3362 1153 3412 datum
1179 3364 1277 3425 est,
1301 3360 1400 3413 hoc
1426 3363 1540 3430 ipso
1573 3363 1632 3413 in
1666 3364 1779 3415 loco
1805 3365 2034 3415 declara-

123 3450 243 3498 tum
267 3446 530 3509 volumus,
554 3445 709 3513 longe
739 3463 947 3514 prorsus
972 3447 1151 3499 abesse
1176 3465 1208 3499 a
1232 3453 1411 3500 mente
1444 3449 1781 3517 consiliisque
1806 3450 2031 3514 Nostris,

122 3536 188 3583 ut
235 3531 521 3582 Antistites
563 3531 790 3601 Angliae,
833 3532 1229 3584 Ordinariorum
1273 3534 1657 3602 Episcoporum
1706 3536 1922 3586 nomine
1971 3555 2032 3587 ac

117 3617 328 3686 juribus
360 3617 626 3686 insigniti,
652 3634 966 3685 quacunque
990 3618 1096 3669 alia
1132 3619 1189 3669 in
1233 3636 1286 3670 re
1324 3620 1616 3671 commodis
1651 3620 2031 3684 destituantur,

128 3699 318 3767 quibus
343 3699 567 3749 antehac
592 3716 699 3750 una
725 3717 846 3750 cum
884 3700 1303 3767 Apostolicorum
1328 3702 1658 3753 Vicariorum
1695 3703 1857 3753 titulo
1894 3704 2032 3754 frue-

124 3779 334 3832 bantur.
407 3780 519 3832 Nec
544 3782 689 3832 en'im
715 3783 851 3833 ratio
877 3782 1023 3845 sinit,
1050 3783 1188 3834 utin
1209 3783 1419 3834 illorum
1441 3784 1822 3834 detrimentum
1840 3786 2031 3836 cedant

125 3881 259 3938 quae
283 3882 316 3917 a
339 3864 503 3917 Nobis
538 3882 601 3917 ex
628 3865 1018 3920 Catholicorum
1045 3868 1337 3937 Anglorum
1376 3874 1499 3919 voto
1538 3870 1594 3918 in
1634 3869 1831 3920 bonum
1859 3887 2029 3920 sacrae

1839 3964 1867 4007 6
