2514 4504
882 521 946 564 11.
991 521 1235 564 APPEND.
1281 522 1319 564 1.
1966 505 2047 567 83

151 675 264 740 bus,
303 675 517 726 tametsi
558 692 649 742 pro
687 673 899 725 illorum
939 671 1279 741 derogatione
1305 669 1553 737 specialis,
1585 672 1787 720 mentio
1819 670 2058 721 facienda

149 764 302 824 esset,
335 765 431 811 aut
470 760 576 811 alia
614 758 958 827 quantumvis
992 756 1257 824 exquisita
1290 756 1458 807 forma
1496 755 1763 819 servanda,
1800 760 2059 823 quatenus

151 845 467 914 supradictis
512 845 743 908 obstant,
784 860 1021 912 expresse
1060 843 1390 911 derogamus.
1481 841 1703 892 Irritum
1744 858 1968 909 quoque,
2004 845 2060 891 et

149 931 308 982 inane
333 931 665 981 decernimus
692 931 734 981 si
762 946 908 981 secus
935 945 1087 996 super
1107 928 1190 979 his
1206 944 1237 978 a
1253 942 1519 995 quoquam
1539 927 1722 993 quavis
1742 927 2059 977 auctoritate

151 1017 374 1068 scienter
401 1015 485 1066 vel
511 1016 816 1083 ignoranter
840 1014 1122 1083 contigerit
1160 1014 1432 1064 attentari.
1507 1013 1764 1063 Volumus
1790 1019 1971 1063 autem
1998 1018 2062 1063 ut

150 1100 338 1153 harum
381 1100 683 1151 litterarum
726 1099 979 1166 exemplis
1025 1100 1189 1149 etiam
1227 1098 1510 1166 impressiS‚
1548 1115 1815 1165 manuque
1858 1098 2062 1166 publici

150 1186 346 1238 notarii
373 1186 698 1253 subscriptis,
730 1189 786 1235 et
816 1201 907 1252 per
942 1184 1301 1235 constitutum
1334 1185 1391 1234 in
1418 1184 1770 1235 ecclesiastica
1795 1185 2061 1252 dignitate

151 1272 323 1323 virum
359 1288 451 1322 suo
492 1270 668 1340 sigillo
709 1270 933 1321 munitis
971 1269 1157 1320 eadem
1187 1270 1444 1320 habeatur
1483 1268 1629 1333 fides,
1668 1287 1801 1338 quae
1838 1270 2061 1321 Nostrae

151 1357 443 1409 voluntatis
469 1356 868 1425 significationi,
893 1356 1008 1423 ipso
1034 1355 1131 1406 hoc
1158 1355 1450 1423 diplomate
1475 1360 1681 1407 ostenso
1707 1357 1997 1409 haberetur.

294 1442 496 1493 Datum
541 1441 742 1492 Romae
768 1442 911 1509 apud
957 1441 1010 1492 S.
1050 1441 1271 1492 Petrum
1313 1441 1410 1492 sub
1434 1441 1629 1492 annulo
1666 1442 1948 1493 Piscatoris
1974 1443 2061 1494 die

152 1527 277 1578 xxix
303 1526 645 1595 SeptembriS‚
671 1537 907 1590 MDOCOL‚
931 1525 1283 1578 Pontificatus
1307 1526 1489 1577 Nostri
1515 1543 1651 1577 anno
1677 1528 1881 1594 quinto.

1250 1660 1313 1710 A.
1344 1658 1513 1710 CARD.
1542 1659 1988 1714 LAMBRUSCHINI.

1070 2109 1148 2161 ΙΙ.

547 2305 938 2361 CONCESSIO
997 2307 1672 2360 INDULGENTIARUM

336 2481 418 2532 IN
459 2482 688 2532 FESTIS
740 2482 1191 2530 BEATISSIMAE
1238 2481 1548 2531 VIRGINIS
1598 2482 1877 2530 MARIAE.

156 2669 468 2723 Beatissime
493 2669 669 2732 Pater,

298 2768 381 2818 Ad
405 2767 739 2818 excitandam
777 2766 1017 2818 fidelium
1055 2766 1407 2830 devotionem,
1435 2767 1868 2836 Archiepiscopus
1893 2770 2064 2823 VVest-

157 2849 578 2900 monasteriensis
595 2854 650 2899 et
671 2849 917 2916 Episcopi
935 2850 1003 2900 ad
1020 2849 1344 2916 provinciale
1363 2849 1660 2901 Concilium
1678 2854 2064 2918 convenienteS,

155 2934 456 2985 humillime
505 2934 826 3002 supplicant,
875 2939 939 2984 ut
989 2933 1256 2985 Sanctitas
1305 2935 1490 2985 Vestra
1540 2936 1787 3004 dignetur
1842 2939 2066 3009 benigne

156 3019 401 3070 omnibus
425 3019 761 3070 Dioecesibus
775 3018 1000 3086 Angliae
1019 3019 1406 3070 communicare
1425 3020 1784 3089 indulgentias
1799 3024 2067 3077 nonnullis

157 3104 284 3155 locis
322 3104 470 3173 regni
509 3103 639 3154 alias
676 3120 959 3167 concessaS‚
989 3103 1120 3155 adeo
1159 3108 1221 3154 ut
1256 3121 1287 3154 a
1324 3105 1508 3172 primis
1542 3107 1765 3174 vesperis
1797 3124 1962 3175 usque
1997 3111 2065 3162 ad

157 3206 398 3241 occasum
435 3188 558 3240 solis
601 3190 842 3240 omnium
880 3188 1158 3239 Festorum
1195 3188 1264 3240 D.
1304 3189 1371 3241 N.
1398 3190 1450 3241 J.
1491 3189 1547 3242 C.
1586 3197 1643 3243 et
1680 3193 2065 3247 Immaculatae

159 3275 330 3342 Ipsius
355 3273 563 3336 Matri&
582 3274 639 3324 in
664 3279 982 3341 perpetuum
1009 3275 1207 3344 singuli
1232 3276 1411 3327 fideles
1437 3277 1626 3328 lucrari
1653 3279 1865 3330 valeant
1888 3281 2067 3332 indul-

158 3359 397 3428 gentiam
422 3358 712 3425 plenariam
730 3358 1006 3410 animabus
1025 3359 1083 3409 in
1103 3361 1408 3428 purgatorio
1429 3362 1660 3413 detentis
1675 3364 2066 3430 applicabilem,

158 3444 446 3495 dummodo
482 3444 586 3494 rite
622 3444 843 3494 confessi
879 3448 935 3494 et
974 3443 1026 3494 S.
1054 3443 1252 3512 Synaxi
1278 3445 1462 3495 refecti
1488 3463 1662 3497 coram
1693 3448 1872 3515 aliquo
1909 3451 2066 3502 altari

157 3530 271 3596 pias
295 3529 363 3579 ad
389 3528 562 3579 Deum
587 3545 761 3596 preces
786 3528 1020 3579 fuderint
1036 3529 1195 3596 juxta
1221 3537 1456 3581 mentem
1482 3531 1535 3582 S.
1564 3532 1860 3585 PontificiS.

301 3613 383 3663 Ex
406 3612 679 3664 audientia
705 3612 1055 3677 sanctissimi,
1081 3613 1265 3665 habita
1290 3616 1378 3666 die
1409 3617 1473 3666 13
1501 3616 1707 3680 Martii,
1739 3621 1893 3670 1853.

305 3698 678 3750 Sanctissimus
703 3698 960 3750 Dominus
986 3699 1177 3752 Noster
1203 3700 1332 3752 Pius
1357 3702 1539 3752 divina
1561 3703 1901 3755 Providentia
1920 3706 2067 3774 Papa

161 3783 280 3847 IX„
302 3783 552 3835 referente
587 3800 673 3834 me
709 3783 1041 3851 infrascripto
1078 3783 1265 3836 Sacrae
1304 3784 1737 3855 Congregationis
1768 3790 1833 3840 de
1872 3791 2066 3858 Propa-

162 3868 335 3935 ganda
360 3867 494 3918 Fide
520 3866 825 3931 SecretariO,
854 3869 1012 3937 juxta
1039 3874 1224 3920 votum
1263 3870 1817 3923 Eminentissimorum
1844 3874 2064 3927 Patrum
