2514 4504
942 475 1191 518 APPEND.
1239 476 1301 518 11.
1946 463 2068 523 203

172 623 346 670 torum
372 618 685 670 Dominicae
710 617 975 668 Passionis
1001 616 1173 668 voluit
1197 620 1261 668 ut
1291 617 1432 668 ultra
1470 617 1935 687 Quadragesimam
1975 637 2079 670 non

171 704 580 764 transferantur3
645 702 862 754 servatis
912 702 1174 754 Rubricis.
1275 701 1563 755 Contrariis
1602 720 1709 755 non
1749 704 2082 756 obstantibus

171 789 604 859 quibuscumque.

313 870 415 921 Die
444 872 511 920 10
535 869 707 933 Jum‘i,
739 871 894 921 1858.

170 962 234 1014 L·
272 958 344 1031 ,Β
381 960 436 1013 S·
637 1031 695 1085 C.
724 1033 1017 1102 Episcopus
1055 1034 1314 1087 Albanen.
1342 1034 1514 1088 CARI).
1541 1037 1792 1102 ΡΑΤΒΙΖΙ,
1816 1034 2011 1106 Praef.

636 1119 709 1172 H.
752 1119 1010 1185 CAPALTI,
1048 1119 1407 1175 Secretar‘ehw.

568 1339 652 1382 DE
696 1338 1267 1383 COMMEMORATIONE
1311 1341 1356 1383 S.
1404 1340 1671 1387 GEORGII.

169 1471 485 1524 Beatissimo
510 1470 687 1534 Pater,

313 1557 523 1610 Summi
549 1555 853 1620 PontificeS,
868 1560 983 1608 tam
1008 1557 1067 1609 in
1094 1556 1236 1610 Urbe
1260 1558 1320 1611 in
1344 1575 1449 1627 qua
1475 1560 1662 1611 existit
1686 1564 1898 1613 vetusta
1921 1566 2083 1629 atque

170 1644 326 1714 longo
371 1642 697 1695 saeculorum
736 1642 888 1694 cultu
932 1642 1270 1696 celeberrima
1313 1644 1544 1696 Basilica
1592 1645 1784 1716 inclyti
1833 1647 2083 1716 Martyris

170 1729 224 1783 S.
276 1729 511 1799 Georgii,
560 1746 721 1797 quam
769 1730 828 1780 in
877 1729 1075 1799 Anglia
1123 1729 1276 1798 cujus
1326 1730 1589 1783 Patronus
1638 1736 1801 1801 atque
1849 1734 2082 1785 invictus

167 1816 441 1868 Protector
478 1815 546 1866 ab
578 1814 968 1882 antiquissimis
1008 1816 1334 1884 temporibus
1375 1817 1502 1879 fuit,
1536 1821 1592 1869 et
1635 1818 1701 1869 de
1741 1836 1845 1887 quo
1890 1820 2083 1870 statuit

168 1901 487 1954 Benedictus
510 1900 663 1951 XIV.
685 1917 777 1968 per
802 1899 1089 1953 Decretum
1117 1899 1265 1953 SRC.
1287 1902 1384 1954 sub
1410 1902 1499 1954 die
1525 1905 1556 1953 8
1584 1902 1620 1954 J
1622 1920 1727 1966 an.‚
1751 1902 1907 1967 1749,
1927 1909 1991 1955 ut
2015 1902 2084 1956 in

168 1984 477 2056 Suffrayiis
501 1985 845 2041 &motorum
871 1985 984 2057 fiat
1022 1986 1083 2037 in
1126 1986 1323 2057 Anglia
1363 1992 1592 2041 tantum
1634 1988 2082 2041 commemoratio

169 2071 225 2126 S.
264 2069 488 2140 Georyii
525 2072 752 2142 Angliae
782 2072 1021 2136 Patroni,
1044 2076 1099 2125 et
1131 2072 1398 2126 Sanctitas
1422 2075 1609 2126 Vestra
1635 2077 1864 2127 sancivit
1889 2080 1953 2126 ut
1977 2093 2082 2126 non

168 2159 412 2211 obstante
437 2160 726 2210 cessatione
752 2159 973 2210 festivae
999 2158 1341 2228 obligationis
1366 2160 1533 2212 Missa
1558 2178 1651 2229 pro
1676 2162 1874 2230 populo
1911 2162 2083 2229 appli-

168 2249 373 2296 caretur
390 2244 479 2296 die
499 2243 553 2296 S.
575 2243 1070 2313 Georgii,honorem
1090 2245 1263 2296 eidem
1283 2245 1509 2314 Martyri
1528 2247 1770 2298 debitum
1790 2248 2082 2315 plurimum

167 2330 622 2394 commendarunt,
647 2346 962 2397 summoque
986 2330 1166 2381 studio
1190 2338 1582 2398 promoverunt.

311 2415 561 2468 Volentes
605 2413 899 2468 Cardinalis
931 2415 1370 2485 Archiepiscopus
1407 2417 1983 2470 westmonasteriensis
2027 2424 2082 2470 et

168 2500 421 2571 Episcopi
445 2500 671 2569 Angliae
695 2501 942 2553 eumdem
966 2500 1261 2569 Martyrem
1291 2503 1544 2567 venerari,
1571 2504 1667 2554 sub
1713 2504 1864 2572 cujus
1909 2505 2081 2555 tutela

169 2588 365 2657 Anglia
402 2588 689 2639 teterrimis
727 2587 1055 2655 temporibus
1080 2587 1259 2639 fideles
1284 2592 1444 2655 atque
1471 2589 1638 2640 etiam
1663 2590 1914 2658 gloriosos
1940 2590 2083 2640 Mar-

169 2678 307 2742 tyres
333 2673 599 2725 Ecclesiae
624 2672 791 2735 dedit,
815 2676 870 2724 et
894 2673 1277 2740 perpendentes
1319 2675 1377 2724 in
1410 2674 1645 2726 maximo
1688 2675 1849 2726 dubio
1892 2677 2082 2727 versari

172 2758 474 2810 Sacerdotes
514 2759 581 2810 de
622 2759 839 2809 nomine
879 2757 1064 2809 Sancti
1107 2760 1165 2809 in
1210 2758 1486 2828 Suffragiis
1530 2764 1691 2827 atque
1740 2761 1798 2811 in
1847 2762 2083 2811 oratione

170 2843 220 2896 A
263 2841 481 2897 cunctis
520 2844 804 2907 inserendi,
842 2848 1005 2910 atque
1053 2844 1398 2912 paucissimas
1447 2844 1709 2896 Ecclesias
1760 2852 2082 2897 consecratas

171 2934 331 2996 atque
355 2930 413 2981 in
437 2928 521 2981 his
545 2929 798 2981 beneficia
821 2929 1060 2981 nondum
1087 2928 1247 2980 fuisse
1266 2933 1437 2980 erecta
1458 2947 1472 2990 ;
1510 2934 1671 2998 atque
1696 2931 2082 2983 considerantes

172 3017 312 3084 quod
352 3016 397 3067 si
440 3015 645 3079 debeat,
670 3019 734 3067 ut
772 3017 831 3067 in
869 3015 1140 3067 nonnullis
1185 3014 1332 3067 SRC.
1373 3016 1596 3066 decretis
1635 3016 1896 3079 innuitur,
1942 3034 2083 3068 com-

172 3101 451 3152 memorari
490 3101 700 3152 cultum
741 3101 1055 3153 Sanctorum
1081 3101 1380 3168 antiquitus
1406 3101 1461 3151 in
1490 3100 1685 3169 Anglia
1709 3101 2080 3153 honoratorum

171 3186 265 3254 qui
301 3186 539 3237 nondum
578 3203 611 3237 a
656 3185 709 3237 S.
738 3186 873 3238 Sede
896 3186 1157 3254 recogniti
1182 3186 1400 3237 fuerunt
1424 3203 1594 3254 neque
1619 3187 1678 3237 in
1703 3187 2080 3257 Martyrologio

173 3271 412 3322 Romana
436 3272 722 3335 nominati,
746 3275 800 3322 et
835 3273 1132 3340 cogitantes
1172 3271 1346 3323 nullos
1388 3271 1643 3323 Patronos
1687 3272 1878 3323 electos
1922 3273 2081 3324 fuisse

171 3357 238 3408 ad
263 3357 486 3408 formam
512 3356 710 3408 decreti
739 3356 942 3407 Urbani
967 3356 1108 3406 VIII
1131 3376 1144 3408 :

316 3442 637 3493 Humillime
679 3442 981 3510 supplicant
1011 3446 1074 3493 ut
1100 3441 1153 3493 S.
1180 3441 1246 3492 V.
1272 3441 1502 3511 benigne
1528 3442 1779 3511 dignetur
1803 3442 2081 3507 declarare,

172 3526 335 3578 donec
381 3526 433 3578 S.
476 3526 632 3578 Sedes
677 3527 1020 3578 declaraverit
1062 3530 1275 3594 propter
1312 3531 1522 3578 mutata
1561 3528 1786 3597 Angliae
1829 3529 2082 3596 adjuncta

174 3613 381 3664 decreta
425 3613 686 3664 ordinaria
724 3629 831 3663 esse
857 3612 1192 3676 observanda,
1217 3613 1358 3680 quod
1382 3614 1439 3663 in
1467 3612 1779 3664 Sanctorum
1808 3612 2081 3683 Suffragiis

172 3703 332 3766 atque
374 3698 432 3749 in
473 3698 707 3750 oratione
750 3699 800 3750 A
837 3695 1052 3750 cunctis
1083 3699 1513 3749 commemoratio
1543 3697 1595 3749 S.
1625 3698 1840 3767 Georgii
1866 3703 2080 3750 tantum

171 3782 286 3848 fiat,
313 3784 505 3836 omissa
532 3784 1087 3835 commemmoratione
1122 3783 1347 3834 aliorum
1375 3782 1688 3834 Sanctorum
1714 3787 2079 3851 praeterquam
