2514 4504
461 349 584 414 278
1022 364 1179 408 conc.
1227 363 1390 407 mov,
1435 364 1658 407 wser.
1708 363 1784 406 1v.

601 507 831 559 LXXII.
869 506 1171 558 Bonifacius
1214 505 1374 557 VIII.
1415 509 1601 557 votum
1639 505 1908 556 castitatis
1944 506 2003 556 in
2038 506 2368 561 ordinatione

458 596 707 646 emissum
731 594 947 661 nuptias
973 592 1144 643 nullas
1169 591 1380 642 reddere
1405 591 1608 659 primus
1632 591 1871 642 asseruit.

713 691 820 731 Litt.
842 691 992 743 Apost.
1014 690 1089 730 Ad
1105 691 1336 739 apostolicae
1355 690 1407 729 22
1425 688 1627 740 Augusti,
1654 689 1772 729 1851.

600 793 866 845 LXXIII.
903 793 972 843 Vi
999 796 1299 843 contractus
1323 808 1462 843 mere
1488 791 1660 843 civilis
1685 795 1863 859 potest
1890 793 2029 845 inter
2057 792 2367 847 christianos

459 886 694 932 constare
738 882 846 930 veri
889 879 1118 930 nominis
1160 878 1593 938 matrimonium;
1649 878 1947 947 falsumque
1986 884 2084 944 est,
2117 886 2214 933 aut
2244 898 2370 934 con-

458 971 688 1016 tractum
713 965 1039 1016 matrimonii
1065 965 1205 1014 inter
1229 963 1540 1014 christianos
1579 980 1781 1031 semper
1817 981 1927 1017 esse
1966 971 2369 1033 sacramentum,

458 1058 554 1102 aut
578 1051 786 1102 nullum
811 1068 919 1101 esse
944 1053 1293 1112 contractum,
1320 1050 1365 1100 si
1390 1054 1779 1103 sacramentum
1803 1050 2128 1104 excludatur.

716 1148 821 1189 Litt.
845 1149 994 1200 Apost.
1015 1148 1091 1188 Aa
1106 1148 1336 1197 apostolicae
1354 1148 1406 1187 22
1424 1146 1626 1200 Augusti,
1653 1149 1772 1188 1851.

717 1215 889 1255 Lettera
907 1214 950 1254 di
971 1214 1013 1255 S.
1038 1213 1080 1254 S.
1102 1213 1203 1255 ΡΙΟ
1222 1213 1306 1254 ΙΧ.
1328 1214 1372 1254 al
1389 1213 1452 1254 Re
1470 1213 1513 1254 di
1533 1213 1765 1267 Sar-dogna,
1787 1217 1812 1256 9
1831 1214 2082 1269 Settembra
2105 1217 2224 1259 1852.

715 1282 852 1323 Alloc.
875 1282 1184 1323 Acerbissimum
1203 1281 1253 1324 27
1275 1281 1546 1334 Septembris,
1573 1284 1691 1323 1852.

715 1350 851 1390 Alloc.
873 1351 1021 1390 Multis
1036 1349 1297 1401 qrcwibusque
1319 1349 1366 1392 17
1386 1348 1645 1401 Decembris,
1672 1351 1790 1391 1860.

603 1453 786 1504 LXXI
794 1454 852 1505 V.
893 1451 1090 1505 Causae
1114 1431 1531 1505 matrimoniales
1563 1457 1620 1506 et
1656 1455 1918 1523 sponsalia
1958 1458 2146 1524 suapte
2164 1440 2371 1509 natura

459 1541 528 1591 ad
553 1540 722 1590 forum
748 1538 906 1589 civile
930 1538 1220 1605 pertinent.
2286 1533 2292 1539 ’

718 1636 824 1677 Litt.
847 1636 996 1688 Apost.
1017 1636 1093 1676 Ad
1109 1636 1341 1685 apostolicae
1360 1637 1411 1676 22
1431 1636 1634 1689 Augusti,
1660 1639 1778 1679 1851.

717 1705 856 1746 Alloc.
876 1705 1183 1745 Acerbissimwm
1202 1704 1253 1748 27
1273 1704 1546 1758 Septembris,
1571 1707 1689 1747 1852.

603 1808 721 1862 ΝΒ.
760 1809 883 1861 Huc
908 1810 1076 1860 facere
1099 1812 1317 1876 possunt
1343 1809 1448 1860 duo
1466 1809 1562 1860 alii
1581 1816 1786 1873 errores,
1806 1810 1873 1861 de
1891 1810 2198 1862 clericorum
2215 1809 2370 1863 coeli-

461 1897 592 1947 batu
622 1895 876 1947 abolendo
911 1899 966 1945 et
1003 1895 1068 1945 de
1105 1898 1251 1945 statu
1287 1894 1617 1946 matrimonii
1656 1896 1823 1946 statui
1860 1895 2188 1964 virginitatis
2223 1899 2371 1948 ante-

462 1982 687 2033 ferendo.
763 1979 1195 2050 (Confodiuntur‚
1234 1981 1375 2048 prior
1414 1981 1472 2031 in
1513 1981 1666 2048 epist.
1706 1980 1904 2050 encycl.
1952 1978 2066 2046 Qui
2100 1978 2372 2050 pluribus

464 2070 503 2119 9
522 2066 851 2129 Novembris,
874 2067 1029 2130 1846,
1047 2066 1302 2134 posterior
1324 2065 1384 2118 in
1408 2064 1630 2118 Litteris
1653 2065 1837 2133 Apost.
1857 2062 2203 2135 Multv'qoblces
2223 2063 2371 2119 &nter

468 2155 534 2202 10
558 2152 732 2215 Junii,
763 2150 944 2222 1851.)

1337 2308 1363 2371 ς
1388 2306 1490 2360 ΙΧ.

683 2438 911 2490 Errores
936 2435 1002 2488 de
1025 2432 1183 2487 civild
1208 2430 1459 2486 Romami
1481 2429 1776 2499 Pontfficis
1793 2428 2155 2502 prv‘snc‘espatu.

607 2566 827 2617 LXXV.
863 2564 943 2615 De
972 2562 1277 2631 temporalis
1309 2562 1459 2631 regni
1483 2577 1608 2612 cum
1633 2560 1900 2629 spirituali
1924 2546 2372 2630 compatibilitate

464 2654 743 2721 disputant
765 2651 905 2701 inter
930 2666 984 2700 se
1007 2647 1324 2699 christianae
1346 2651 1403 2699 et
1427 2646 1716 2698 catholicae
1742 2645 2014 2698 Ecclesiae
2030 2645 2150 2698 filii.

720 2748 828 2790 Litt.
848 2747 998 2801 Apost.
1019 2746 1094 2786 Aa
1109 2745 1340 2796 apostolieae
1357 2746 1408 2784 22
1427 2743 1629 2796 Augusti,
1654 2744 1772 2785 1861.

607 2852 859 2928 LXXVI.
896 2851 1183 2919 Abrogatio
1227 2849 1400 2900 civilis
1441 2848 1672 2916 imperii,
1715 2864 1821 2916 quo
1862 2831 2169 2924 Apostolica
2209 2845 2371 2900 Sedes

465 2941 686 3007 potitur,
734 2937 803 2988 ad
851 2936 1118 2987 Ecclesiae
1170 2933 1473 2986 libertatem
1525 2932 1947 3001 felicitatemque
1999 2931 2089 2986 ‘vel
2140 2932 2372 2985 maxime

465 3025 793 3076 conduceret.

720 3113 858 3154 Alloc.
883 3111 1030 3159 Quibus
1048 3110 1282 3162 quantisque
1300 3111 1351 3150 20
1369 3107 1547 3162 Aprilis,
1571 3110 1690 3150 1849.

608 3215 727 3269 NB.
765 3216 978 3267 Praeter
1011 3212 1106 3264 hos
1141 3228 1332 3263 errores
1377 3211 1631 3279 explicite
1675 3214 1903 3275 notatoS‚
1940 3209 2037 3264 alii
2078 3212 2371 3281 complures

465 3303 730 3372 implicite
778 3299 1137 3367 reprobantur,
1185 3297 1453 3365 proposita
1511 3300 1568 3348 et
1630 3299 1826 3348 asserta
1888 3296 2147 3360 doctrina,
2209 3314 2370 3365 quam

466 3388 716 3441 catholici
757 3402 937 3438 omnes
978 3383 1277 3435 firmissime
1313 3383 1535 3434 retinere
1571 3381 1815 3445 debeant,
1853 3381 1920 3433 de
1956 3382 2106 3434 civili
2142 3381 2370 3435 Romani

467 3472 746 3525 Pontificis
786 3470 1108 3539 principatu.
1184 3466 1490 3537 (Ejusmodi
1532 3466 1772 3518 doctrina
1812 3466 2109 3519 luculenter
2144 3467 2371 3519 traditur

468 3559 525 3609 in
569 3557 733 3609 Alloc.
811 3552 1028 3621 Quibus
1071 3550 1407 3623 quantisque
1446 3552 1517 3604 20
1555 3551 1741 3624 April„
1779 3550 1952 3614 1849;
2005 3551 2066 3606 in
2099 3551 2266 3603 Alloc.
2301 3550 2371 3607 Si

2503 263 2514 312 „as-
2503 161 2514 250 ηιμ..-
2504 0 2514 148 muamu-
