2514 4504
439 364 560 424 158
992 380 1152 421 οοΝο.
1197 378 1359 420 ΡΒον.
1405 378 1628 420 wns'rM.
1674 378 1759 419 111.

430 529 500 580 ad
523 528 710 579 mundi
734 529 1034 595 voluptates
1071 528 1372 594 sequendaS,
1397 530 1453 578 et
1476 527 1582 578 nisi
1607 543 1639 577 a
1662 527 1853 578 teneris
1877 528 2030 578 annis
2053 527 2122 578 ad
2156 526 2326 594 pieta-

432 618 544 664 tem
570 617 625 663 et
648 613 958 681 religionem
983 612 1312 674 informetur,
1339 614 1626 677 antequam
1662 612 1913 662 vitiorum
1949 612 2163 663 habitus
2187 615 2326 663 totos

432 695 670 745 homines
729 693 1012 761 possideat,
1071 708 1346 758 nunquam
1405 692 1636 760 perfecte
1695 709 1757 743 ac
1811 694 1926 744 sine
1986 694 2218 745 maximo
2265 709 2327 745 ac

434 778 689 846 singulari
731 777 1110 845 propemodum
1148 775 1250 826 Dei
1291 774 1687 843 Omnipotentis
1724 778 1923 828 auxilio
1965 778 2026 829 in
2049 777 2330 845 disciplina
2376 846 2378 848 v

435 862 803 913 Ecclesiastica
844 863 1164 928 perseveret:
1218 858 1414 912 Sancta
1457 859 1698 928 Synodus
1737 862 1948 925 statuit,
1982 865 2047 913 ut
2089 862 2330 931 singulae

436 945 786 1008 Cathedrales,
803 945 1245 1012 Metropolitanae
1264 949 1423 1012 atque
1447 946 1530 996 his
1547 945 1652 1013 maj
1659 962 1769 997 ores
1785 945 2050 998 Ecclesiae
2063 963 2157 1014 pro
2173 946 2330 997 modo

434 1030 754 1080 facultatum
799 1034 855 1080 et
895 1029 1160 1080 Dioecesis
1199 1029 1557 1096 amplitudine
1598 1032 1803 1081 certum
1840 1046 2122 1098 puerorum
2162 1029 2330 1098 ipsius

437 1113 685 1165 Civitatis
709 1118 764 1164 et
788 1113 1069 1177 DioecesiS,
1094 1113 1179 1164 vel
1202 1113 1316 1181 ejus
1339 1114 1666 1179 Provinciae,
1691 1115 1737 1166 si
1759 1114 1837 1166 ibi
1861 1131 1969 1166 non
1991 1115 2332 1182 reperiantur,
2431 1109 2434 1111 ’

435 1215 713 1249 numerum
751 1199 811 1250 in
850 1197 1084 1267 Collegio
1124 1199 1193 1249 ad
1234 1198 1333 1250 hoc
1371 1215 1533 1266 prope
1555 1200 1697 1267 ipsas
1722 1199 1983 1251 Ecclesias
2017 1200 2104 1252 vel
2143 1199 2251 1251 alio
2273 1199 2332 1250 in

436 1283 549 1333 loco
574 1283 907 1333 convenienti
932 1283 1000 1333 ab
1025 1282 1288 1350 Episcopo
1312 1282 1556 1352 eligendo
1583 1283 1740 1347 alere,
1762 1300 1825 1334 ac
1848 1283 2090 1352 religiose
2112 1284 2334 1336 educare

437 1370 494 1418 et
518 1366 901 1417 Ecclesiasticis
926 1366 1221 1433 disciplinis
1245 1366 1525 1418 instituere
1549 1367 1898 1419 teneantur.”1

579 1450 741 1500 Tanti
783 1450 999 1518 quidem
1038 1450 1281 1517 ponderis
1320 1451 1427 1501 fuit
1464 1450 1806 1504 audientibus
1841 1452 1940 1504 hoc
1965 1452 2249 1505 Decretum
2269 1453 2336 1503 ut

437 1535 677 1587 omnium
701 1534 924 1585 Patrum
948 1534 1227 1601 arripuerit
1244 1550 1574 1599 consensum,
1598 1535 1681 1587 ita
1702 1539 1768 1588 ut
1790 1536 1851 1588 in
1874 1537 2025 1589 Actis
2051 1536 2105 1590 S.
2132 1536 2333 1605 Synodi

438 1620 511 1670 sic
535 1619 813 1670 claudatur
835 1618 996 1685 hujus
1021 1617 1275 1670 Sessionis
1298 1618 1503 1671 relatio.
1575 1623 1612 1651 “
1632 1619 1777 1680 Quae
1792 1622 1974 1673 omnia
1997 1621 2065 1674 ab
2089 1621 2334 1673 omnibus

437 1705 724 1772 approbata
773 1707 898 1755 sunt
945 1721 1037 1771 per
1084 1704 1304 1755 verbum
1350 1701 1542 1756 Placet
1587 1706 1802 1756 nemine
1844 1706 1949 1757 fere
1991 1706 2336 1774 discrepante.

436 1792 611 1858 Atque
651 1792 711 1842 in
748 1790 1053 1858 hujusmodi
1076 1789 1352 1841 concordia
1375 1789 1594 1842 dimissa
1616 1794 1698 1843 est
1722 1789 2089 1862 CongregatiO,
2105 1791 2200 1843 ubi
2221 1806 2338 1843 vere

437 1876 613 1927 adfuit
638 1875 867 1943 Spiritus
893 1874 1166 1926 Sanctus.”

583 1958 677 2028 cuj
685 1976 746 2010 us
795 1959 1012 2026 quidem
1061 1957 1293 2026 Spiritus
1342 1957 1527 2010 Sancti
1582 1959 1899 2027 impulsibus
1947 1961 2207 2024 cedentes,
2254 1959 2340 2012 vel

438 2045 617 2113 potius
642 2044 755 2112 ejus
779 2043 980 2093 lumine
1009 2043 1251 2094 radiante
1286 2043 1538 2094 continuo
1574 2043 1744 2108 ducti,
1780 2045 2092 2097 recentiores
2127 2043 2339 2097 Summi

439 2128 724 2180 Pontifices
748 2143 1020 2195 nunquam
1063 2128 1395 2192 dubitarunt,
1420 2129 1744 2181 occasionem
1767 2130 1933 2193 nacti,
1957 2131 2154 2182 iterum
2177 2132 2341 2197 atque

439 2215 634 2264 iterum
675 2212 887 2263 Decreti
935 2210 1094 2278 hujus
1142 2211 1506 2279 plenissimam
1554 2214 1940 2266 observantiam
1986 2213 2248 2266 inculcare
2284 2216 2341 2264 et

441 2299 734 2367 injungere.
808 2296 957 2347 Inter
1004 2313 1135 2363 quos
1183 2313 1390 2348 summa
1439 2315 1564 2349 cum
1611 2300 1947 2350 veneratione
1994 2302 2075 2350 est
2116 2315 2149 2350 a
2190 2298 2340 2351 nobis

440 2381 793 2434 nominandus
818 2379 1139 2430 Benedictus
1163 2380 1346 2443 ΧΙΙΙ.,
1365 2382 1676 2449 disciplinae
1694 2382 2094 2434 Ecclesiasticae
2112 2383 2340 2451 insignis

441 2467 776 2526 instaurator,
801 2464 942 2531 quod
967 2464 1026 2514 in
1061 2464 1445 2516 constitutione
1480 2482 1618 2517 anno
1648 2465 1785 2518 1725
1824 2467 1968 2530 data,
1992 2483 2125 2535 quae
2147 2468 2341 2536 incipit

441 2551 525 2600 his
573 2549 742 2600 verbis
793 2546 1043 2600 eraclitae
1090 2547 1151 2598 N
1145 2546 1276 2612 obis,
1327 2549 1636 2602 Ordinarios.
1688 2551 1883 2602 Italiae
1930 2551 2216 2619 alloqnem,
2264 2553 2341 2602 eis

443 2633 683 2686 districte
724 2633 981 2702 injungit,
1018 2636 1053 2663 ‘⁶
1067 2636 1133 2684 ut
1173 2634 1232 2683 in
1270 2632 1667 2686 Cathedralibus
1691 2636 1748 2686 in
1774 2636 1962 2702 quibus
1986 2635 2340 2688 Seminarium

442 2721 696 2770 hactenus
720 2721 954 2769 erectum
978 2734 1086 2768 non
1110 2718 1234 2780 fuit,
1258 2717 1396 2769 illud
1432 2721 1826 2787 quamprimum
1863 2721 1995 2789 erigi
2032 2737 2095 2771 ac
2126 2721 2341 2773 omnino

443 2805 658 2856 institui
683 2806 883 2854 curent.
956 2802 1140 2871 Neque
1173 2804 1271 2853 hac
1294 2804 1597 2871 Apostolica
1617 2806 1856 2873 jussione
1881 2810 2180 2870 contentUS,
2206 2806 2341 2859 Con-

444 2889 805 2958 gregationem
878 2886 992 2938 EE.
1055 2885 1416 2938 Cardinalium
1481 2890 1741 2952 instituit,
1801 2894 1835 2920 “
1850 2889 1931 2941 De
1991 2889 2297 2943 Seminariis
2310 2890 2340 2916 ”

443 2972 870 3039 nuncupandam,
913 2971 1002 3022 cui
1045 2988 1223 3022 curam
1248 2972 1517 3023 commisit
1558 2974 1878 3042 invigilandi
1903 2991 2060 3042 super
2083 2977 2341 3028 erectione

447 3057 873 3119 Seminariorum,
941 3058 998 3106 et
1063 3055 1372 3107 reddituum
1446 3056 1858 3125 assignationem
1920 3075 1985 3109 ex
2062 3057 2340 3111 Beneficiis

445 3139 860 3204 desumptorum.

586 3221 812 3272 Evenire
858 3221 949 3272 vix
997 3222 1273 3289 potuisset,
1316 3226 1379 3272 ut
1421 3222 1670 3273 Pontifex
1713 3226 1867 3274 tanto
1908 3224 2022 3291 ipse
2069 3225 2340 3291 praeditus

444 3306 675 3374 ingeni0,
698 3308 755 3355 et
779 3305 935 3355 sacris
961 3305 1197 3356 scientiis
1222 3310 1454 3369 ornatuS,
1478 3307 1650 3374 qualis
1674 3312 1786 3359 erat
1822 3308 2144 3361 Benedictus
2167 3310 2303 3360 XIV
2304 3346 2338 3373 .‚

443 3391 509 3441 de
551 3389 860 3440 educatione
897 3388 1200 3439 clericorum
1241 3389 1497 3458 ignavum
1537 3407 1643 3441 sese
1679 3391 2073 3444 demonstraret.
2147 3392 2340 3446 Contra

444 3490 581 3537 ver0,
604 3474 695 3525 vix
719 3471 911 3525 Sedem
934 3473 1294 3541 Apostolicam
1318 3478 1678 3541 occupaverat,
1696 3492 1819 3526 cum
1845 3475 2141 3543 Epistolam
2167 3477 2339 3545 Ency-

1122 3624 1141 3662 1
1172 3621 1280 3663 Sese.
1301 3622 1479 3662 XXIII.
1509 3635 1601 3676 cap.
1622 3625 1662 3664 8.
