2514 4504
1073 434 1349 479 nussam.
2032 416 2153 481 247

400 585 452 634 2.
490 582 573 634 Ad
631 582 969 633 matrimonia
1022 583 1204 631 autem
1242 577 1371 646 jam
1420 582 1701 631 contracta
1757 578 1894 647 quod
1945 580 2160 643 attinet,

259 668 545 720 sacerdotes
608 683 787 718 omnes
850 664 944 734 qui
994 681 1173 715 curam
1232 662 1533 714 animarum
1589 670 1799 732 gerunt,
1856 664 2160 733 gravissime

258 768 531 804 monemus
568 769 629 803 ac
664 753 721 803 in
759 750 988 802 Domino
1004 749 1257 818 jubemus
1283 755 1362 813 ut,
1388 766 1711 817 quamquam
1739 748 1846 800 illis
1871 750 2160 801 certissime

257 842 460 890 constet
483 837 883 889 matrimonium
908 834 1125 902 aliquod
1150 834 1446 886 invalidum
1474 836 1651 898 fuisse,
1671 835 1914 887 omnibus
1939 852 2160 902 quorum

256 924 476 976 interest
494 927 671 992 aperte
690 922 958 974 declarent
982 938 1036 972 se
1060 920 1264 972 nullam
1289 922 1664 973 auctoritatem
1688 921 1877 972 habere
1892 920 2161 988 judicium

256 1006 315 1058 in
339 1007 643 1075 hujusmodi
667 1023 722 1058 re
747 1005 975 1057 ferendi:
1017 1004 1125 1068 sed,
1143 1010 1432 1073 antequam
1457 1005 1525 1056 ad
1543 1021 1741 1056 novum
1760 1004 2162 1056 matrimonium

256 1093 528 1163 procedere
570 1096 926 1161 praesumant,
968 1090 1037 1143 ad
1081 1088 1420 1143 Ordinarium
1464 1094 1734 1143 recurrant
1774 1090 1818 1159 ej
1827 1107 1991 1158 usque
2026 1088 2163 1158 juri-

257 1178 432 1230 dicam
457 1179 780 1230 sententiam
803 1180 1103 1245 expectent.

400 1265 450 1314 3.
489 1262 940 1331 Quandocumque
964 1263 1022 1314 in
1047 1278 1205 1314 causa
1236 1261 1619 1314 matrimoniali
1648 1261 1912 1331 juridicus
1946 1261 2165 1312 institu-

257 1350 422 1403 endus
479 1349 551 1401 sit
606 1364 872 1418 processus
930 1348 997 1400 de
1045 1347 1218 1400 valore
1269 1347 1349 1399 vel
1398 1347 1651 1400 nullitate
1699 1346 2047 1410 matrimonii,
2096 1346 2164 1398 ad

256 1451 494 1488 normam
510 1434 648 1503 juris
672 1434 1005 1497 instituatur,
1023 1433 1266 1485 adhibito
1290 1430 1654 1486 matrimonii
1678 1431 1985 1502 defensore:
2023 1431 2164 1500 quod

255 1526 319 1572 ut
368 1520 481 1573 fieri
530 1520 714 1589 possit,
764 1519 1001 1572 defensor
1049 1520 1509 1572 matrimoniorum
1559 1518 1619 1570 in
1668 1518 1892 1589 singulis
1941 1518 2165 1587 Synodis

256 1605 588 1659 Dioecesanis
611 1605 992 1669 nominabitur,
1018 1605 1159 1658 salvo
1175 1605 1297 1674 jure
1322 1604 1575 1674 Episcopi
1599 1605 1758 1656 illum
1784 1604 2126 1656 immutandi.

327 1726 334 1731 -
398 1695 450 1742 4.
487 1692 556 1743 In
604 1691 827 1753 casibuS,
871 1690 955 1743 vel
1002 1691 1061 1741 in
1110 1691 1297 1754 causis,
1340 1691 1824 1744 matrimonialibus
1875 1690 2165 1742 tractandis

255 1777 614 1829 exactissimos
640 1781 696 1828 et
720 1793 880 1844 quam
904 1777 1138 1828 maxime
1163 1777 1445 1847 diligentes
1471 1779 1759 1830 sacerdotes
1785 1794 1839 1829 se
1864 1776 2163 1840 exhibeant,

256 1864 321 1916 de
345 1864 499 1915 factis
522 1867 579 1915 et
603 1864 1016 1915 circumstantiis
1045 1863 1377 1932 inquirendo,
1403 1863 1736 1932 probationes
1765 1869 1820 1914 et
1846 1863 2165 1914 documenta

253 1950 538 2002 necessaria
601 1949 918 2019 colligendO,
980 1954 1144 2017 atque
1208 1949 1613 2009 matrimonium
1676 1953 2033 2001 contracturos
2096 1948 2165 1999 ad

253 2035 482 2106 gratiam
525 2033 685 2102 hujus
727 2035 1044 2086 sacramenti
1087 2035 1484 2103 percipiendam
1527 2035 1869 2103 disponendo,
1945 2033 2165 2094 Quando

252 2136 374 2172 vero
397 2123 523 2171 ante
547 2119 877 2171 matrimonii
903 2119 1311 2172 celebrationem
1349 2120 1418 2171 ad
1456 2119 1795 2172 Ordinarium
1831 2137 2164 2190 quacumque

253 2223 319 2259 ex
359 2224 516 2259 causa
557 2206 924 2258 recurrendum
967 2206 1056 2269 sit,
1098 2206 1311 2257 nonnisi
1360 2206 1605 2257 omnibus
1646 2207 1703 2257 in
1746 2210 2007 2274 quantum
2049 2207 2164 2258 fieri

253 2293 492 2361 potuerit
521 2293 639 2362 jam
676 2291 893 2360 paratiS,
925 2308 1004 2343 res
1040 2291 1109 2343 ad
1146 2292 1323 2359 ipsum
1348 2292 1655 2344 deducatur.
1731 2290 1995 2343 Ordinarii
2019 2294 2163 2344 enim

254 2382 334 2431 est
372 2379 431 2430 in
472 2395 528 2431 re
561 2378 680 2446 jam
722 2377 1008 2446 diligenter
1049 2384 1234 2446 parata
1274 2381 1331 2429 et
1373 2377 1581 2448 integre
1622 2379 1861 2447 exposita
1893 2378 2164 2447 judicium

255 2464 416 2527 ferre3
464 2463 741 2517 licentiam
779 2468 874 2515 aut
916 2464 1363 2532 dispensationem
1405 2464 1715 2517 concedere:
1766 2465 1985 2516 minime
2028 2482 2163 2528 vero,

209 2589 216 2596 .
256 2550 364 2602 sive
402 2568 496 2619 per
538 2567 593 2601 se
636 2550 744 2602 sive
786 2567 881 2619 per
920 2566 1038 2601 suos
1081 2549 1346 2614 officialeS,
1390 2550 1474 2602 vel
1516 2550 1722 2602 litteras
1765 2551 2036 2602 scribendo
2079 2551 2163 2601 vel

256 2653 467 2705 sponsos
491 2636 881 2706 interrogandO,
905 2635 1314 2704 inquisitionem
1347 2637 1412 2688 de
1450 2637 1606 2688 factis
1644 2637 1940 2700 instituere,
1978 2637 2164 2705 proba-

254 2723 427 2774 tiones
448 2722 735 2790 exquirere,
759 2722 1076 2774 documenta
1099 2722 1370 2774 obtinere.²

912 2894 1317 2947 DECRETUM
1354 2895 1505 2947 XVI.

914 3005 995 3058 De
1030 3004 1100 3057 M
1096 3004 1505 3058 endicantibus.

402 3121 452 3172 1.
491 3117 627 3171 Cum
650 3119 922 3170 neminem
947 3118 1114 3170 lateat
1138 3136 1300 3187 quam
1326 3137 1484 3188 grave
1509 3120 1581 3170 sit
1606 3124 1662 3171 et
1686 3120 1911 3171 dedecus
1937 3125 1992 3171 et
2016 3138 2164 3171 scan-

258 3205 440 3256 dalum
472 3205 728 3256 moniales
765 3209 823 3255 et
865 3222 1073 3268 sorores,
1112 3205 1223 3256 Deo
1267 3206 1487 3268 oblataS,
1523 3207 1840 3268 inordinate,
1884 3212 1939 3257 et
1980 3212 2162 3257 contra

257 3290 498 3340 instituti
541 3290 624 3340 sui
668 3290 980 3353 sanctiones,
1022 3294 1169 3341 extra
1212 3292 1531 3341 monasteria
1574 3292 1785 3359 vagari3
1847 3292 1914 3341 ad
1958 3308 2161 3342 mensas

258 3375 600 3427 saecularium
625 3375 879 3435 assidere3
918 3379 974 3426 et
998 3375 1054 3425 in
1085 3376 1407 3439 eorumdem,
1433 3376 1633 3426 seclusa
1668 3380 1900 3426 extrema
1939 3378 2163 3427 necessi-

257 3463 389 3523 tate,
427 3460 671 3512 domibus
712 3465 1045 3529 pernoctare3
1102 3460 1344 3513 districte
1386 3462 1773 3529 praedictarum
1812 3463 2161 3530 superioribus

386 3597 401 3621 ¹
425 3597 491 3639 De
510 3596 796 3639 Matrimoniis
815 3597 979 3644 Mixtis,
1002 3597 1098 3639 vide
1117 3599 1352 3639 Arraxmx
1374 3598 1523 3647 XIII„
1544 3611 1585 3651 p.
1611 3599 1711 3645 315;
1744 3599 1787 3640 et
1806 3596 1857 3639 de
1876 3597 2160 3640 Matrimoniis

257 3671 396 3703 coram
414 3661 623 3703 ministris
640 3662 813 3713 haeret„
835 3661 932 3703 vide
950 3662 1149 3703 Arum
1174 3662 1316 3712 XIV„
1340 3675 1382 3715 p.
1406 3665 1496 3703 318.
