2514 4504
926 552 987 599 11.
1033 558 1283 600 APPEND.
1333 556 1372 601 1.
2020 544 2096 609 77

197 701 522 772 Episcopum
546 705 1004 758 Andrumetenum
1039 708 1206 758 totius
1233 706 1457 776 Angliae
1483 707 1634 777 regni
1660 706 1935 759 Vicarium
1966 709 2106 776 Apo-

198 788 447 840 stolicum
495 807 581 842 an.
631 803 944 842 MDCLXXXV
993 792 1292 860 deputavit.
1386 791 1500 852 Quo
1552 793 1692 843 sacto
1742 792 1862 843 aliis
1912 792 2107 846 litteris

197 872 513 941 Apostolicis
544 876 628 926 die
662 888 784 927 xxx
817 876 852 927 J
854 877 1059 928 anuarii
1092 878 1220 928 anni
1254 888 1640 928 MDCLXXXVIII
1671 877 1849 940 editis,
1883 894 2107 945 quarum

197 957 417 1010 initium
442 964 523 1012 est
555 966 590 991 ‘⁶
608 960 773 1029 Super
800 961 1163 1026 Cathedram,'’
1202 962 1505 1031 Leyburnio
1531 967 1634 1016 tres
1659 964 1789 1013 alios
1823 963 2108 1031 Episcopos

198 1044 550 1098 Ecclesiamm
592 1048 650 1098 in
693 1048 932 1116 partibus
976 1047 1275 1099 infidelium
1319 1047 1500 1098 titulis
1543 1048 1826 1117 insignitos
1870 1047 2107 1100 Vicarios

196 1131 523 1199 Apostolicos
565 1133 842 1201 adjunxit:
886 1137 1206 1202 quapropter
1240 1132 1493 1203 Angliam
1537 1135 1853 1196 universam,
1894 1150 2105 1202 operam

198 1216 359 1268 dante
397 1218 700 1285 Apostolico
748 1220 806 1269 in
848 1218 1044 1287 Anglia
1091 1219 1283 1269 nuntio
1324 1218 1662 1269 Ferdinando
1699 1218 2106 1288 Archiepiscopo

197 1301 509 1367 Amasiensi,
532 1304 590 1354 in
615 1305 842 1371 quatuor
866 1304 1141 1355 districtus
1166 1304 1408 1372 pontifex
1433 1304 1523 1355 ille
1548 1305 1779 1372 partitus
1803 1309 1884 1356 est
1909 1304 2107 1356 Londi-

196 1403 414 1439 nensem
461 1389 681 1453 scilicet,
729 1389 1132 1452 occidentalem,
1191 1390 1448 1454 medium,
1509 1395 1564 1441 et
1621 1391 2105 1459 septentrionalem,

196 1473 390 1542 quibus
424 1474 669 1526 omnibus
701 1474 900 1525 Vicarii
934 1474 1227 1543 Apostolici
1252 1492 1377 1526 cum
1402 1476 1716 1544 opportunis
1742 1476 2105 1540 facultatibu8‚

196 1563 255 1612 et
283 1577 407 1611 cum
438 1560 687 1612 ordinarii
720 1560 951 1612 locorum
985 1562 1194 1629 propria
1231 1565 1499 1628 potestate
1537 1577 1771 1630 praeesse
1802 1566 2102 1630 coeperunt.

197 1645 292 1698 Eis
349 1650 532 1698 autem
592 1648 910 1699 auctoritate
959 1665 1070 1712 sua,
1119 1648 1646 1720 sapientissimisque⁴
1676 1648 1935 1716 responsis
1984 1651 2104 1698 tum

197 1731 516 1784 Benedictus
547 1731 681 1782 XIV
712 1732 858 1783 edita
890 1733 978 1784 die
1010 1744 1134 1784 XXX
1166 1733 1303 1784 Maii
1343 1744 1616 1786 MDCCLIII.
1692 1730 2104 1796 Constitutione,

196 1834 333 1886 quae
368 1817 593 1885 incipit:
634 1816 1043 1886 “Apostolicum
1077 1817 1483 1881 ministerium,''
1523 1821 1642 1869 tum
1681 1818 1779 1869 alii
1815 1817 2104 1869 Pontifices

196 1902 617 1955 Praedecessores
640 1901 840 1966 Nostri,
865 1919 925 1953 ac
947 1902 1139 1954 Nostra
1157 1903 1536 1973 Propagandae
1566 1903 1723 1955 Fidei
1751 1902 2103 1973 Congregatio

194 1990 265 2043 ad
276 1996 391 2041 tam
398 2006 558 2058 grave
575 2005 769 2040 munus
785 1988 889 2040 rite
906 1992 1152 2056 recteque
1169 1990 1457 2059 gerendum
1476 2006 1704 2054 normae,
1721 1994 1776 2041 et
1794 1989 1877 2057 adj
1884 1994 2103 2041 umento

195 2075 427 2127 fuerunt.
496 2073 645 2125 Haec
682 2090 800 2125 vero
833 2074 1001 2125 totius
1033 2073 1258 2143 Angliae
1296 2075 1355 2125 in
1391 2078 1620 2141 quatuor
1644 2074 1928 2126 vicariatus
1961 2074 2103 2143 Apo-

195 2161 408 2214 stolicos
431 2160 651 2229 partitio
675 2177 840 2228 usque
864 2161 932 2211 ad
959 2159 1202 2230 Gregorii
1225 2159 1359 2210 XVI
1385 2164 1625 2227 tempora
1660 2160 1983 2227 perduravit,
2008 2160 2102 2227 qui

194 2246 391 2299 litteris
415 2245 732 2314 Apostolicis
757 2246 845 2296 die
869 2257 938 2295 ΙΙΙ
963 2244 997 2296 J
999 2245 1101 2296 ulii
1124 2262 1210 2296 an.
1237 2256 1498 2296 MDOOCXL
1522 2244 1662 2295 datis
1688 2244 2100 2312 incipientibus:

195 2331 483 2383 “Muneris
531 2330 871 2399 Apostolici,''
921 2331 1107 2382 habita
1155 2330 1467 2398 praesertim
1516 2330 1721 2381 ratione
1769 2330 2101 2395 incrementi,

194 2418 337 2485 quod
367 2416 555 2486 religio
589 2414 851 2467 catholica
882 2415 941 2465 in
965 2433 1025 2466 eo
1049 2432 1211 2483 regno
1238 2415 1354 2483 jam
1380 2419 1670 2482 acceperat,
1695 2430 1935 2482 novaque
1961 2415 2103 2467 facta

194 2504 471 2572 regionum
506 2501 878 2553 Ecclesiastica
913 2501 1219 2569 partitione,
1259 2499 1423 2568 duplo
1459 2499 1713 2567 majorem
1745 2500 2101 2552 vicariatuum

195 2587 615 2656 Apostolicorum
656 2603 937 2638 numerum
975 2587 1248 2649 excitavit,
1282 2590 1339 2637 et
1380 2586 1632 2655 Angliam
1675 2589 1849 2638 totam
1891 2587 2101 2639 vicariis

194 2672 514 2741 Apostolicis
538 2671 879 2735 Londinensi,
905 2671 1242 2734 occidentali,
1267 2670 1532 2733 orientali,
1551 2670 1789 2734 centrali,
1804 2670 2100 2735 Walliensi,

194 2753 600 2816 Lancastriensi,
651 2753 985 2815 Eboracensi,
1035 2757 1089 2803 et
1152 2752 1568 2820 septentrionali,
1617 2753 1676 2803 in
1736 2753 2100 2820 spiritualibus

194 2839 588 2910 gubernandam
624 2838 910 2889 commisit.
985 2837 1130 2898 Quae
1169 2838 1364 2888 cursim
1403 2837 1502 2888 hoc
1544 2837 1677 2901 locO,
1706 2837 1826 2888 aliis
1862 2838 2101 2905 pluribus

193 2923 589 2992 praetermissis,
608 2923 982 2987 indicavimUS,
997 2924 1271 2991 perspicuo
1291 2924 1609 2975 documento
1629 2927 1770 2986 sunt,
1790 2922 2101 2977 Praedeces-

195 3027 330 3062 sores
345 3009 560 3061 Nostros
578 3009 637 3060 in
651 3009 710 3060 id
728 3009 1065 3060 vehementer
1083 3009 1400 3073 incubuisse,
1419 3013 1483 3060 ut
1501 3013 1764 3077 quantum
1782 3012 2100 3064 auctoritate

196 3113 291 3148 sua
313 3095 577 3158 valebant,
616 3095 684 3146 ad
717 3094 1009 3146 Ecclesiam
1044 3096 1103 3146 in
1142 3095 1339 3164 Anglia
1375 3112 1439 3146 ex
1474 3111 1760 3164 permagna
1792 3095 2100 3148 calamitate

193 3181 543 3243 recreandam,
561 3197 622 3231 ac
640 3179 976 3231 reficiendam
995 3180 1376 3243 adniterentur,
1396 3184 1452 3231 et
1476 3179 1786 3231 laborarent.
1825 3179 2099 3234 Habentes

194 3269 378 3334 itaque
408 3265 477 3317 ob
507 3265 682 3316 oculos
716 3265 1042 3332 praeclarum
1077 3264 1383 3332 hujusmodi
1416 3263 1760 3315 Decessorum
1786 3264 2098 3318 Nostrorum

197 3350 515 3419 exemplum,
551 3349 790 3416 illudque
832 3365 925 3417 pro
964 3348 1207 3417 Supremi
1246 3348 1587 3415 Apostolatus
1629 3348 1800 3399 officio
1843 3351 2098 3402 aemulari

195 3437 446 3499 volentes,
469 3438 524 3485 et
557 3434 726 3485 animi
758 3433 924 3484 etiam
957 3432 1138 3485 Nostri
1164 3434 1500 3485 inclinationi
1527 3451 1649 3504 erga
1676 3435 1926 3486 dilectam
1945 3436 2097 3487 illam

196 3521 503 3573 Dominicae
529 3519 710 3570 vineae
735 3523 941 3585 partem
966 3519 1380 3570 obsecundantes
1405 3519 1488 3570 vel
1513 3519 1580 3569 ab
1604 3521 1718 3587 ipso
1746 3520 2096 3572 Pontificatus

196 3606 376 3658 Nostri
429 3604 639 3656 exordio
686 3602 851 3655 Nobis
898 3606 1266 3672 proposuimus
1315 3621 1447 3672 opus
1496 3608 1610 3655 tam
1662 3604 1792 3655 bene
1847 3610 2097 3672 coeptum

197 3689 457 3760 prosequi,
480 3692 538 3741 et
575 3687 643 3739 ad
668 3687 936 3739 Ecclesiae
970 3688 1271 3740 utilitatem
1295 3689 1353 3739 in
1379 3706 1439 3740 eo
1475 3706 1636 3759 regno
1661 3689 1902 3757 quotidie
1927 3690 2097 3759 magis

197 3776 496 3845 augendam
543 3778 721 3826 nostra
779 3773 1097 3841 impensiora
1154 3774 1331 3825 studia
1389 3791 1643 3826 revocare.
1750 3774 2097 3834 Quamobrem

197 3862 518 3924 universum,
551 3862 614 3911 ut
652 3875 794 3910 nunc
829 3862 925 3921 est,
969 3858 1026 3909 in
1064 3858 1257 3927 Anglia
1304 3861 1377 3911 rei
1416 3859 1690 3910 catholicae
1728 3863 1927 3909 statum
1972 3859 2096 3909 dili-
