2514 4504
438 346 558 407 190
992 361 1155 406 corso.
1206 360 1370 402 PRov.
1417 358 1639 401 wnsm.
1690 358 1778 400 111.

429 511 605 578 capite
652 512 853 562 nudato
902 512 1120 576 uterque
1169 507 1387 576 ingressi
1438 510 1494 557 et
1541 505 1601 556 in
1648 522 1823 574 genua
1871 506 2139 573 provoluti
2187 511 2330 572 sunt,

430 593 674 661 diyfnum
714 611 774 646 ea
813 592 1160 646 veneratione
1197 590 1596 661 pavimentum
1640 587 1893 653 dicentes,
1934 590 2084 658 quod
2124 589 2331 647 nobiti-s

430 679 564 731 adeo
600 677 807 732 Christi
845 676 1118 746 Martyris
1159 675 1269 745 (ita
1306 674 1427 727 illis
1471 673 1627 744 loqui
1667 691 1730 726 ex
1766 672 2001 743 privata
2045 673 2329 730 devotimie

431 764 652 834 libebat)
699 781 794 834 pce
843 761 1174 817 calcavicset.
1262 760 1509 828 Amplius
1559 760 1725 811 etiam
1774 760 1917 810 idem
1965 762 2335 828 pavimentum

430 854 707 902 veneratus
747 853 827 901 est
870 866 934 900 ex
981 849 1154 916 prima
1197 846 1423 915 Angliae
1465 845 1750 897 nobilitate
1799 845 2061 897 chricus
2105 845 2335 900 Ortonus

432 953 555 985 cum
598 935 760 986 Ducis
802 933 1178 1002 Lotharingiae
1221 930 1438 982 Oratore
1491 931 1634 981 idem
1691 918 1976 996 aliquando
2017 929 2336 984 Cubiculum

432 1021 691 1082 invisens;
752 1020 847 1071 ubi
893 1022 1010 1070 toto
1059 1032 1270 1084 corpore
1319 1015 1378 1065 in
1422 1014 1561 1065 illud
1609 1014 1936 1082 provolutuS,
1978 1017 2335 1071 devotissimis

433 1105 641 1172 saepius
685 1104 877 1156 osculis
920 1103 1091 1155 solum
1133 1102 1357 1153 libavit:
1419 1101 1639 1155 beatum
1682 1102 1989 1169 praedicans
2031 1103 2174 1170 quod
2221 1107 2337 1155 tam

431 1189 738 1241 venerandis
762 1188 961 1255 plantis
987 1187 1180 1238 tritum
1205 1184 1440 1236 fnisset.”

577 1276 663 1324 20.
714 1273 776 1324 Ρ.
815 1272 1123 1323 Franciscus
1165 1270 1354 1322 Suarez
1393 1271 1452 1321 in
1493 1269 1655 1323 Libro
1698 1271 1785 1322 cui
1821 1260 2338 1326 titulus-—Defensio

433 1358 590 1409 Fidei
641 1356 943 1409 Catholicae
989 1361 1046 1408 et
1092 1355 1428 1423 Apostolicae
1487 1356 1733 1407 adversus
1781 1356 2106 1426 Anglicanae
2155 1357 2340 1410 Sectae

434 1443 839 1494 errores-—edito
884 1440 1265 1503 Conimbricae,
1304 1456 1442 1492 anno
1471 1442 1628 1504 1613,
1652 1441 1773 1493 Lib.
1811 1442 1862 1506 6,
1893 1459 2008 1510 cap.
2046 1444 2130 1494 11.
2205 1447 2239 1474 “
2254 1442 2341 1494 An

435 1528 528 1595 qui
570 1531 782 1594 propter
825 1526 1122 1577 Romanam
1163 1525 1474 1593 religionem
1523 1530 1580 1576 et
1627 1526 1989 1578 obedientiam
2036 1528 2095 1578 in
2143 1527 2341 1596 Anglia

434 1616 605 1663 morte
640 1612 891 1662 mulctati
927 1614 1053 1661 sunt
1082 1607 1232 1661 inter
1254 1625 1406 1661 veros
1430 1608 1706 1678 Martyres
1731 1608 1850 1663 sinit
1872 1610 2341 1665 ammumcrwndi?

435 1697 677 1748 Dicimus
719 1714 841 1766 ergo
879 1712 988 1747 non
1031 1695 1202 1746 solum
1243 1695 1341 1747 sub
1388 1695 1620 1747 Henrico
1668 1695 1846 1760 VIII.‚
1890 1697 1980 1748 sed
2027 1697 2194 1748 etiam
2243 1697 2341 1749 sub

436 1782 747 1833 Elizabetha
784 1784 840 1832 et
875 1780 912 1832 J
913 1779 1073 1831 acobo
1109 1779 1286 1846 plures
1318 1779 1377 1830 in
1409 1779 1705 1847 Anglicana
1728 1781 2091 1848 persecutione
2114 1785 2342 1834 mortem

436 1885 530 1935 pro
558 1866 763 1918 Christo
790 1865 1091 1933 suscepisse,
1116 1865 1211 1932 qui
1244 1862 1394 1916 inter
1415 1880 1566 1916 veros
1594 1862 1801 1917 Christi
1819 1864 2106 1935 Martyres
2129 1883 2344 1936 ‘mayna

435 1949 614 2019 yloria
640 1955 686 2002 et
711 1948 993 2002 constanti
1015 1948 1241 2002 veritate
1266 1955 1688 2020 computamur.
1762 1951 1851 2002 Ita
1888 1953 2129 2004 sentiunt
2165 1953 2233 2005 de
2260 1953 2344 2005 his

438 2037 648 2088 Sanctis
671 2038 812 2088 Viris
838 2053 1019 2088 omnes
1045 2035 1309 2087 Catholici
1334 2035 1625 2104 Scriptores
1650 2037 1745 2104 qui
1770 2037 1837 2088 (16
1860 2037 2171 2107 Anglicanis
2187 2039 2343 2090 rebus

438 2123 521 2173 his
569 2122 894 2189 temporibus
948 2121 1279 2188 scripserunt.
1379 2120 1522 2171 Nam
1582 2120 1861 2172 Polidorus
1921 2122 2198 2191 Virgilius,
2246 2121 2342 2175 &a

440 2208 594 2258 Idem
629 2208 696 2258 de
732 2207 842 2258 illis
879 2210 935 2258 et
970 2207 1036 2258 de
1072 2207 1193 2257 aliis
1230 2207 1328 2257 sub
1364 2205 1675 2258 Elizabetha
1710 2207 2003 2259 interfectis
2035 2207 2264 2259 affirmat
2287 2212 2345 2260 et

439 2293 597 2343 variis
634 2292 888 2359 exemplis
924 2309 986 2342 ac
1008 2291 1304 2343 rationibus
1329 2291 1564 2342 ostendit
1595 2290 1856 2343 Sanderus
1881 2293 1941 2343 in
1964 2292 2058 2344 lib.
2088 2295 2114 2343 1
2145 2292 2195 2344 &
2221 2295 2253 2343 3
2278 2293 2345 2345 (16

443 2376 666 2428 Schism.
692 2376 922 2445 Anglic„
941 2374 1036 2428 816.
1111 2376 1194 2426 Ex
1217 2392 1340 2426 ann.
1362 2364 1494 2427 1851
1519 2379 1575 2427 et
1594 2377 1933 2444 sequentibus
1956 2375 2025 2429 P.
2044 2376 2346 2430 Edmumbi

443 2459 751 2530 Umnpiani
787 2477 814 2512 c
853 2459 1115 2512 Societatc
1152 2460 1200 2512 J
1197 2477 1291 2512 esu
1330 2464 1380 2512 et
1415 2459 1665 2513 aliorum
1706 2460 2022 2532 multommi
2061 2462 2344 2531 Martyria

434 2543 896 2616 praeclarissima
930 2544 1112 2613 refert.
1186 2545 1364 2613 Atque
1399 2547 1586 2597 eodem
1622 2547 1780 2598 modo
1804 2547 1871 2598 dc
1900 2548 1983 2599 his
2019 2547 2344 2616 Martyribus

443 2634 715 2682 senserunt
758 2630 1121 2681 Genebrardus
1163 2630 1222 2680 in
1267 2628 1456 2680 Chron.
1495 2646 1634 2681 anno
1675 2631 1814 2682 1534
1849 2632 2076 2683 referens
2112 2633 2346 2684 Paulum

443 2717 478 2768 J
480 2717 714 2778 ovinum,
741 2714 1031 2784 Georgium
1066 2714 1270 2766 Lilium
1305 2715 1363 2765 in
1389 2713 1578 2768 Chron.
1605 2719 1661 2767 et
1694 2715 1931 2768 Sleidam
1954 2717 2048 2769 lib.
2077 2720 2127 2770 9.
2201 2719 2344 2770 Item

445 2797 627 2850 Surius
668 2797 728 2846 in
770 2813 864 2847 sua
903 2796 1157 2847 Historia.
1234 2795 1426 2847 Bozius
1466 2797 1530 2847 de
1568 2795 1748 2866 Signis
1785 2797 1929 2848 Eccl.
1967 2804 2087 2866 part
2122 2801 2170 2863 1,
2193 2800 2230 2851 1.
2261 2803 2345 2864 11,

444 2897 490 2930 c.
534 2881 582 2941 1,
621 2875 715 2929 &c.
797 2877 1028 2928 Didacus
1071 2877 1243 2944 Yepes
1286 2877 1580 2945 Episcopus
1625 2879 1992 2931 Tarazonensis
2034 2882 2091 2932 in
2133 2882 2341 2950 Anglic.

445 2963 700 3027 Historia,
737 2962 970 3014 Andreas
1030 2963 1320 3031 Filopater,
1370 2961 1465 3015 διο.
1539 2963 1938 3016 Illustrissimus
1978 2965 2235 3019 Baronius
2283 2967 2342 3018 in

443 3048 784 3117 Martyrolog.
810 3047 898 3098 die
922 3049 991 3099 29
1017 3047 1285 3111 Decemb.,
1304 3045 1400 3099 &c.
1474 3047 1665 3098 Petrus
1685 3046 1969 3116 Opmeerus
1987 3051 2046 3101 in
2062 3052 2346 3104 novissimo

445 3134 610 3202 Opere
635 3132 1022 3202 Chronograph.
1047 3150 1168 3185 ann.
1197 3134 1353 3196 1585,
1371 3136 1427 3184 et
1451 3133 1767 3184 Laurentius
1791 3133 2109 3202 Rayerlinck
2131 3137 2190 3188 in
2213 3140 2344 3189 tom.

445 3223 496 3282 2,
521 3219 757 3286 ejusdem
794 3218 1170 3284 chronograph.
1207 3233 1330 3268 ann.
1374 3217 1530 3279 1606,
1555 3215 1650 3267 &a
1723 3216 1886 3286 Nihil
1923 3223 1998 3271 est
2034 3237 2158 3288 cryc
2195 3220 2346 3290 quod

447 3299 713 3356 Catholici
748 3300 814 3352 dc
854 3300 1097 3352 istorum
1147 3299 1487 3352 Sanctorum
1523 3299 1590 3350 M
1587 3299 1803 3368 artyrio
1841 3301 2110 3357 dubitent.
2202 3307 2340 3358 Nam

439 3389 595 3457 juxta
619 3387 857 3456 regulam
875 3386 1184 3455 Augustini,
1210 3404 1332 3437 cum
1358 3386 1466 3437 sint
1490 3386 1639 3450 certi,
1658 3403 1745 3437 eos
1769 3387 1827 3437 in
1845 3390 2057 3440 unitate
2081 3390 2344 3442 Ecclesiae

444 3490 538 3542 pro
580 3473 763 3524 eadem
803 3472 1013 3522 unitate
1050 3474 1106 3521 et
1142 3471 1443 3522 obedientia
1479 3474 1713 3522 mortuos
1769 3489 1894 3537 6336,
1938 3472 2193 3527 dubitare
2227 3492 2345 3527 ‘non

443 3560 699 3626 possunt,
718 3554 863 3624 quin
886 3553 1004 3607 sint
1022 3559 1316 3623 tamquam
1334 3554 1606 3623 Martyres
1626 3556 1895 3621 coronati,
1915 3563 1970 3610 et
1987 3559 2344 3611 interfectores

445 3659 626 3694 eorum
649 3645 903 3708 tanquam
928 3640 1287 3691 Persecutores
1313 3640 1611 3710 Martyrum
1635 3658 1745 3693 esse
1768 3643 2100 3712 judicandos,
2172 3644 2342 3698 Nemo
