2514 4504
449 423 531 482 64
1025 439 1186 483 conc.
1234 438 1400 482 Pnov.
1447 436 1668 479 wser.
1715 440 1756 478 1.

585 585 728 648 Quae
768 585 962 637 tabella
1004 586 1062 635 in
1101 584 1348 635 omnibus
1391 583 1627 635 fontibus
1667 583 1755 646 sit,
1798 583 1857 633 in
1898 581 2091 650 quibus
2128 597 2222 649 per
2261 581 2344 634 in-

441 672 701 724 fusionem
726 673 1057 739 baptizatum
1094 670 1153 720 in
1177 670 1245 719 iis
1271 685 1390 720 vero
1416 668 1474 718 in
1500 668 1694 735 quibus
1734 666 2003 718 immersio
2044 666 2345 732 adhibetur,

441 754 485 803 si
508 758 658 821 petra
681 754 796 821 ipsa
821 770 914 821 pro
939 752 982 820 ej
990 768 1052 803 us
1075 750 1409 821 magitudine
1432 749 1491 799 id
1529 749 1767 817 patietur
1804 748 1916 800 sine
1958 748 2345 818 impedimento

440 839 805 890 immersionis,
1726 881 1729 883 .
2330 894 2333 895 ⁷

582 923 829 991 Sepiatur
871 923 1089 974 omnino
1133 920 1550 987 unumquodque
1592 918 1985 987 baptisterium,
2019 920 2065 971 si
2101 920 2235 972 ferro
2257 919 2345 972 vel

440 1009 614 1076 lapide
637 1009 869 1075 episcopi
886 1007 1092 1074 judicio
1117 1022 1223 1056 non
1247 1004 1463 1072 poterit,
1491 1003 1679 1055 saltem
1705 1003 1897 1072 ligneis
1922 1004 2184 1057 cancellis.

585 1093 859 1144 Praeterea
901 1095 946 1144 si
988 1096 1135 1144 extra
1178 1090 1492 1142 fornicatam
1535 1089 1813 1157 capellam,
1837 1092 1936 1141 aut
1958 1090 2179 1158 parietis
2220 1106 2346 1142 con-

439 1178 726 1230 cavitatem
749 1178 1029 1246 hemicycli
1054 1177 1223 1228 instar
1246 1179 1601 1228 constructam
1625 1179 1822 1238 totum,
1846 1175 2029 1226 aut'ex
2052 1178 2201 1243 parte
2235 1177 2343 1238 sit-3

439 1266 560 1314 tum
583 1267 800 1333 tegmen
822 1265 1033 1327 habeat,
1058 1263 1201 1331 quod
1224 1280 1288 1313 ex
1314 1278 1589 1325 marmore,
1614 1260 1700 1312 vel
1736 1277 1801 1313 ex
1837 1261 2095 1315 asseribus
2119 1265 2344 1328 constet,

439 1352 535 1401 aut
559 1350 746 1400 saltem
770 1367 800 1401 e
823 1350 932 1400 tela
958 1350 1200 1400 decenter
1223 1348 1387 1415 picta.

581 1434 802 1485 Decebit
827 1434 991 1485 etiam
1015 1434 1074 1484 in
1099 1432 1317 1500 capella,
1342 1434 1436 1482 aut
1459 1432 1519 1482 in
1542 1431 1746 1499 pariete
1768 1430 2026 1503 proximO,
2050 1431 2105 1486 S.
2121 1431 2158 1486 J
2157 1433 2343 1487 oannis

439 1519 616 1589 imago
642 1517 911 1571 Christum
934 1518 1226 1569 Dominum
1249 1517 1589 1584 baptizantis.

581 1605 649 1655 In
671 1604 918 1655 ecclesiae
942 1604 1180 1673 ingressu
1204 1602 1488 1654 collocatus
1513 1603 1586 1654 sit
1609 1603 1726 1655 fons
1748 1602 2100 1671 baptismalia,
2133 1603 2286 1672 isque
2307 1620 2342 1656 a

439 1690 649 1742 sinistra
686 1689 1104 1758 ingredientium
1133 1692 1308 1760 parte,
1344 1688 1450 1739 nisi
1490 1687 1682 1756 quibus
1707 1689 1766 1739 in
1806 1688 2041 1740 ecclesiis
2072 1705 2168 1756 pro
2206 1690 2342 1742 situs

437 1776 638 1827 ratione
660 1775 818 1826 illum
842 1774 909 1826 ab
931 1774 1096 1825 altera
1118 1776 1268 1842 parte
1291 1773 1470 1841 potius
1495 1772 1857 1824 collocandum
1885 1773 2177 1843 Episcopus
2191 1774 2343 1843 judi-

438 1863 587 1912 carit.
661 1860 807 1922 Quae
821 1877 940 1911 vero
955 1860 1267 1927 baptisteria
1281 1860 1340 1910 in
1362 1859 1611 1923 ecclesiis,
1630 1858 1910 1926 capellisve
1927 1876 1988 1911 eo
2002 1859 2341 1927 potissimum

437 1947 649 1998 nomine
709 1945 1006 2007 exstructiS,
1049 1942 1369 2007 cathedrali,
1428 1943 1512 1995 vel
1571 1943 1861 2012 parochiali
1922 1945 2170 1997 ecclesiae
2232 1945 2342 1998 fere

435 2016 844 2083 adhaerentibus
877 2019 1104 2094 exstant,
1129 2029 1224 2080 illa
1255 2046 1363 2082 non
1401 2033 1777 2091 amoveantur3
1815 2030 1907 2082 sed
1943 2030 2208 2096 ecclesiae,
2242 2035 2342 2084 aut

436 2117 668 2185 capellae
690 2115 786 2166 ubi
809 2114 905 2164 illa
929 2117 1072 2176 sunt,
1098 2114 1476 2177 instaurentur,
1494 2118 1591 2164 aut
1612 2115 2052 2167 reconcinnentur
2071 2133 2085 2166 :
2104 2116 2200 2167 ubi
2217 2133 2340 2170 vero

435 2203 494 2252 in
516 2201 746 2253 ecclesiis
768 2199 1075 2267 praesertim
1108 2199 1484 2268 insignioribus
1519 2215 1628 2250 non
1663 2202 1806 2263 sunt,
1841 2199 1902 2250 in
1942 2203 2211 2268 posterum
2252 2218 2340 2254 eas

436 2287 521 2338 vel
569 2285 829 2348 ecclesias,
876 2283 961 2335 vel
1003 2283 1230 2351 capellas
1285 2283 1572 2350 aedificari,
1609 2284 1669 2337 in
1710 2283 1922 2354 illisque
1963 2285 2338 2358 baptisterium

436 2372 668 2422 construi
693 2370 837 2420 idem
863 2369 1156 2436 Episcopus
1180 2372 1344 2421 curet.

578 2457 643 2507 In
667 2455 976 2523 baptismali
1000 2454 1164 2518 fonte,
1189 2454 1283 2505 ubi
1301 2470 1394 2521 per
1416 2453 1739 2506 infusionem
1755 2454 2078 2523 baptizatur,
2097 2457 2157 2509 id
2179 2446 2338 2526 plane

435 2545 695 2605 caveatur,
719 2545 784 2592 ut
807 2557 875 2591 ne
899 2556 1035 2608 aqua
1069 2540 1236 2607 capiti
1267 2539 1492 2590 infantis
1531 2539 1706 2591 infusa
1746 2541 1807 2591 in
1849 2542 2096 2593 eumdem
2134 2531 2337 2595 fontem

433 2627 651 2690 recidat,
676 2626 766 2677 sed
790 2626 848 2675 in
874 2624 1155 2675 sacrarium
1179 2622 1438 2691 profluat:
1477 2624 1639 2691 idque
1673 2628 1950 2693 propterea
1986 2628 2271 2680 sacrarium
2306 2644 2338 2680 e

433 2728 688 2763 marmore
737 2710 966 2761 solidove
1012 2709 1191 2776 lapide
1237 2724 1401 2778 prope
1449 2709 1654 2761 fontem
1696 2700 2048 2780 construatur,
2085 2712 2155 2764 ad
2186 2729 2337 2782 prae-

436 2797 690 2865 scriptum
725 2794 1153 2845 instructionum.

449 2873 451 2875 ³
576 2880 644 2931 In
666 2877 996 2947 baptismalis
1021 2877 1183 2928 fontis
1216 2876 1431 2942 cibori0,
1455 2877 1704 2929 mantilia
1739 2878 1864 2942 duc,
1890 2896 2056 2947 eaque
2091 2880 2336 2946 candida,

434 2965 501 3017 ab
525 2965 775 3031 omnique
793 2963 939 3015 sorde
963 2962 1163 3015 munda
1185 2966 1530 3027 asserventur,
1545 2979 1681 3032 quae
1697 2963 1920 3016 infantis
1944 2965 2114 3035 capiti
2136 2966 2336 3019 abster-

434 3051 606 3118 gendo
629 3050 749 3100 usui
775 3049 900 3099 sint.

577 3135 838 3202 Pluraque
862 3132 982 3184 ideo
1004 3131 1065 3184 in
1088 3129 1325 3185 sacristia
1345 3131 1405 3184 id
1427 3133 1630 3205 generis
1648 3133 1898 3186 mantilia
1915 3138 2059 3187 certo
2081 3134 2197 3188 loco
2210 3151 2335 3189 con-

435 3223 718 3271 serventur.

578 3302 637 3355 Si
661 3320 779 3354 vero
803 3302 888 3354 vel
911 3303 1159 3354 mantilia
1188 3302 1272 3354 vel
1289 3347 1292 3349 A
1311 3302 1571 3354 sudariola
1603 3303 1672 3355 ad
1700 3320 1825 3355 eum
1857 3321 2013 3356 usum
2045 3304 2332 3372 aliquando

435 3387 740 3451 afferuntur,
763 3404 825 3438 ea
848 3387 952 3438 nisi
993 3403 1130 3439 nova
1153 3404 1221 3438 ne
1244 3387 1625 3439 adhibeantur:
1661 3392 1782 3440 tum
1804 3405 1942 3440 nova
1973 3389 2232 3453 adhibita,
2263 3406 2332 3442 ne

435 3473 494 3523 in
540 3473 834 3539 profanum,
878 3471 968 3522 sed
1015 3472 1074 3522 in
1122 3472 1368 3522 ecclesiae
1410 3489 1566 3523 usum
1616 3474 1704 3524 cui
1755 3477 1895 3526 recte
1948 3473 2331 3527 accommodari

434 3557 636 3625 possint
660 3558 1061 3607 convertantur:
1099 3555 1301 3624 alioqui
1336 3556 1723 3610 comburantur.
