2514 4504
1082 554 1356 599 nacae-m.
2135 547 2170 602 5

414 706 462 756 1.
513 702 698 755 Prima
742 705 911 774 igitur
952 707 1129 755 nostra
1170 703 1452 755 solicitudo
1479 705 1550 754 sit
1583 705 1649 755 de
1683 722 1962 772 puerorum
1989 709 2179 760 educa-

266 790 413 842 tione
456 790 799 858 procuranda.
875 790 1181 841 Sacerdotes
1220 789 1440 840 Domini
1480 789 1745 857 imprimis
1784 791 2072 855 hortamur,
2118 800 2180 844 ut

266 875 465 927 scholas
508 892 727 927 numero
771 892 1050 943 puerorum
1093 879 1149 926 et
1187 874 1483 942 puellarum
1528 875 1587 925 in
1631 893 1724 926 sua
1773 880 2179 947 congregatione

267 961 584 1013 sufficientes
629 963 854 1031 erigant,
898 961 981 1012 vel
1026 961 1070 1012 si
1104 960 1223 1028 jam
1263 965 1465 1012 erectae
1506 963 1635 1013 satis
1668 963 1879 1031 amplae
1912 981 2017 1015 non
2053 967 2177 1028 sint,

264 1051 513 1116 augeant,
557 1065 649 1099 seu
692 1047 1075 1116 multiplicent.
1152 1046 1360 1098 Fideles
1402 1048 1602 1114 pariter
1638 1065 1731 1116 per
1756 1050 1951 1100 viscera
1977 1052 2179 1101 miseri-

265 1132 472 1184 cordiae
496 1131 531 1184 J
534 1150 625 1184 esu
651 1131 847 1184 Christi
876 1149 1150 1201 precamur
1187 1137 1244 1184 et
1280 1133 1661 1201 supplicamus,
1686 1139 1751 1186 ut
1790 1136 1847 1185 in
1888 1137 1986 1186 hoc
2025 1154 2178 1203 opere

265 1217 555 1269 sacerdotes
580 1218 855 1286 adjuvent,
880 1235 1004 1270 cum
1042 1218 1191 1269 nullo
1233 1219 1391 1270 modo
1434 1220 1624 1271 melius
1668 1221 1788 1283 sibi,
1830 1238 2005 1271 coram
2048 1221 2175 1285 Dec,

265 1302 533 1354 consulere
570 1306 841 1371 poterunt,
874 1319 1035 1371 quam
1078 1304 1416 1372 parvulorum
1440 1307 1500 1357 in
1524 1306 1629 1358 fide
1655 1311 1711 1358 et
1734 1308 1937 1375 pietate
1962 1308 2180 1359 institu-

265 1388 468 1440 tionem
493 1390 864 1457 promovend0.
939 1390 1006 1441 In
1039 1390 1182 1442 hisce
1226 1390 1416 1443 scholis
1460 1392 1701 1443 doctrina
1744 1391 2061 1455 Christiana,
2087 1410 2179 1445 seu

264 1474 616 1526 catechismus
664 1475 1002 1544 approbatae,
1051 1476 1296 1528 omnibus
1346 1476 1623 1529 catholicis
1674 1478 1951 1539 tradatur3
2006 1494 2179 1546 neque

264 1560 499 1611 sacerdos
542 1559 678 1622 aliis,
721 1560 964 1628 quamvis
1006 1560 1246 1629 alioquin
1288 1561 1439 1613 bonis
1483 1567 1539 1613 et
1580 1562 1857 1632 religiosiS,
1897 1563 2041 1626 viriS,
2080 1562 2179 1614 hoc

264 1644 497 1697 officium
539 1645 619 1695 ita
662 1646 987 1709 committat,
1030 1651 1094 1697 ut
1136 1646 1250 1715 ipse
1298 1648 1507 1715 saepius
1556 1648 1758 1699 scholas
1806 1665 1910 1699 non
1962 1649 2178 1710 invisat,

263 1734 322 1783 et
355 1731 549 1782 teneris
585 1730 866 1799 juniorum
913 1731 1108 1783 animis
1156 1749 1308 1784 verae
1354 1732 1480 1784 fidei
1528 1738 1586 1786 et
1636 1734 1856 1802 pietatis
1911 1734 2178 1802 principia

264 1816 516 1868 insinuet.

407 1930 458 1979 2.
509 1927 786 1981 Obsistant
827 1930 1137 1994 sacerdoteS,
1162 1932 1309 1982 omni
1342 1948 1449 1999 quo
1481 1931 1613 1984 licet
1635 1932 1812 1996 mod0,
1836 1932 2177 1984 inimicorum

262 2014 557 2078 conatibu8‚
604 2016 796 2082 quibus
843 2017 1094 2068 nituntur
1132 2017 1421 2069 catholicos
1464 2020 1727 2082 seducere,
1770 2022 1837 2070 ut
1879 2019 2065 2070 liberos
2109 2020 2176 2070 ad

262 2099 461 2151 scholas
484 2099 825 2152 heterodoxas
858 2102 1101 2154 mittant.
1177 2102 1345 2171 Saepe
1380 2104 1522 2155 inter
1557 2104 1973 2172 praedicandum
2010 2109 2176 2174 agant

261 2185 327 2237 de
349 2186 663 2238 necessitate
686 2187 830 2251 fidei,
854 2188 921 2239 de
944 2193 1229 2256 parentum
1254 2190 1312 2240 in
1345 2189 1483 2242 filios
1520 2190 1725 2254 officiis,
1763 2191 1934 2258 deque
1970 2190 2176 2241 ratione

171 2312 180 2320 .
260 2268 373 2322 Deo
389 2270 449 2322 in
474 2271 715 2324 districto
741 2290 834 2325 suo
851 2273 1061 2341 judicio
1084 2275 1368 2339 reddenda,
1392 2277 1437 2327 si
1462 2277 1696 2344 ipsorum
1721 2276 1879 2344 culpa
1904 2277 2173 2344 perierint.

263 2353 368 2408 Sed
390 2357 671 2426 praecipue
703 2358 762 2409 in
805 2374 948 2411 sacro
987 2360 1243 2412 tribunali
1285 2378 1372 2412 eos
1414 2361 1483 2412 ab
1522 2362 1691 2430 impio
1733 2362 2033 2414 animarum
2073 2362 2175 2413 sibi

261 2441 581 2493 creditarum
606 2444 923 2495 commercio
948 2445 1262 2510 deterreant,
1287 2452 1565 2499 monentes
1597 2465 1761 2516 quam
1797 2449 1989 2499 acriter
2032 2447 2175 2499 Deus

260 2542 354 2594 per
376 2527 690 2595 prophetam
714 2529 774 2579 in
810 2528 974 2581 Israel
1008 2531 1182 2583 minas
1217 2532 1586 2599 intentaverit,
1611 2549 1669 2584 eo
1695 2531 1838 2602 quod
1861 2531 2176 2584 vendiderit

254 2627 367 2681 pro
390 2616 618 2680 amento
632 2612 879 2681 justum,
904 2619 954 2667 et
969 2632 1285 2686 pauperem
1310 2635 1424 2689 pro
1456 2617 1836 2671 calceamentis
1869 2619 2067 2690 (Amos
2092 2631 2174 2683 Π.,

263 2695 358 2766 6);
419 2702 620 2766 quanto
678 2701 851 2768 magis
906 2700 1038 2771 (ipsi
1087 2707 1230 2761 recte
1277 2703 1816 2776 argumentabuntur)
1865 2706 2175 2774 parentibus

260 2781 531 2846 irascetur,
579 2785 674 2851 qui
721 2802 816 2854 pro
862 2788 1119 2852 mercede,
1167 2788 1253 2840 vel
1300 2806 1395 2857 pro
1443 2790 1679 2842 vestibus
1727 2791 1830 2842 sibi
1890 2795 1988 2842 aut
2046 2791 2175 2842 filiis

262 2866 538 2932 donandiS,
575 2870 778 2938 prolem
816 2872 886 2923 ad
928 2873 1128 2926 scholas
1166 2875 1505 2939 acatholicaS,
1542 2893 1666 2927 cum
1704 2876 1940 2944 periculo
1984 2877 2173 2929 saltem

260 2945 659 3006 labefactandae
707 2954 852 3019 fidei,
900 2973 1007 3009 non
1058 2958 1313 3011 dubitant
1372 2961 1604 3012 mittere.
1703 2960 1958 3013 Excitent
2007 2964 2174 3014 etiam

264 3036 437 3088 zelum
460 3038 859 3104 catholicorum,
885 3042 979 3109 qui
1010 3042 1362 3112 eleemosynas
1387 3045 1648 3113 copiosius
1674 3045 1994 3115 elargiendo,
2020 3064 2174 3116 saepe

262 3126 504 3190 parentes
528 3125 850 3177 miserabiles
874 3127 942 3178 ab
967 3127 1066 3179 hoc
1092 3129 1279 3181 scelere
1304 3134 1557 3197 poterunt
1581 3130 1839 3183 cohibere.

371 3227 422 3277 3.
471 3224 686 3278 Praeter
710 3228 1053 3281 traditionem
1088 3231 1398 3283 catechismi
1437 3250 1572 3301 quae
1614 3234 1858 3302 quotidie
1896 3234 1957 3286 in
1982 3236 2173 3287 scholis

261 3307 345 3373 fit,
368 3311 553 3378 quavis
577 3312 665 3363 die
689 3312 987 3378 Dominica,
1012 3316 1224 3382 publice
1250 3318 1309 3368 in
1334 3319 1553 3370 ecclesia
1578 3320 1834 3371 habeatur
1867 3322 2172 3386 catechesiS‚

261 3394 323 3445 in
346 3412 451 3463 qua
486 3398 738 3465 mysteria
773 3399 918 3464 fidei,
943 3401 1061 3465 Dei,
1087 3402 1454 3472 Ecclesiaeque
1494 3411 1790 3472 praecepta,
1833 3409 1889 3457 et
1932 3407 2172 3458 doctrina

261 3478 720 3535 Sacramentorum
746 3486 902 3553 plane
926 3491 983 3537 et
1006 3493 1185 3555 aperte
1212 3490 1559 3556 explicentur.
1618 3491 1692 3541 Et
1716 3492 1933 3558 quidem
1960 3494 2170 3544 studeat

260 3568 511 3631 sacerdOS,
526 3573 591 3619 ut
614 3569 745 3620 dum
770 3571 838 3621 ad
862 3573 1198 3639 parvulorum
1224 3580 1441 3642 captum
1467 3593 1521 3625 se
1546 3576 1798 3639 dimittit,
1814 3577 1969 3627 verba
1988 3583 2169 3629 tamen

260 3651 549 3704 scientibus
591 3670 697 3706 non
741 3673 954 3708 onerosa
978 3660 1206 3725 proferat
1227 3678 1240 3719 3
1279 3660 1389 3711 imo
1415 3662 1677 3729 gravitate
1703 3661 1918 3727 eloquii,
1944 3663 2168 3729 copiosis

259 3739 318 3786 et
339 3737 482 3805 aptis
507 3756 680 3791 sacrae
706 3739 1006 3810 Scripturae
1031 3743 1175 3805 lociS‚
1202 3750 1256 3795 et
1280 3746 1533 3812 exemplis
1568 3751 1885 3811 sanctorum,
1911 3748 2168 3799 concinne

257 3822 325 3873 ad
351 3823 759 3878 illustrationem
786 3829 1039 3880 Sermonis
1072 3829 1267 3894 allatis,
1301 3831 1465 3882 etiam
1498 3831 1708 3883 adultos
1740 3833 1809 3882 ad
1842 3832 2165 3885 audiendum

259 3911 315 3958 et
338 3908 646 3963 discendum
672 3913 909 3966 inducat.
