2514 4504
1041 475 1319 519 DEcRErA.
2008 459 2126 519 165

222 628 524 680 rudimenta
549 626 743 678 debent
778 624 1064 676 necessario
1090 626 1353 694 attingere
1374 641 1388 684 ;
1427 640 1551 674 cum
1577 641 1640 674 ex
1667 622 1809 674 hisce
1836 624 2027 674 studiis
2052 627 2136 674 tot

223 730 452 765 errorum
478 715 712 763 monstra
736 711 980 762 adversus
1000 709 1155 760 Fidei
1174 709 1439 778 principia
1464 726 1496 759 a
1517 708 1799 760 neotericis
1820 708 1877 758 in
1899 709 2137 759 medium

222 799 565 867 proferantur.
641 796 707 847 In
750 794 892 847 hisce
934 794 1248 863 disciplinis,
1292 811 1497 846 necnon
1541 794 1599 844 in
1636 810 1760 845 sana
1801 794 2136 862 philosophia

223 885 426 948 morali,
452 901 639 952 parum
665 887 761 934 aut
785 881 923 934 nihil
949 881 1131 933 differe
1162 882 1362 950 poterit
1398 882 1641 933 omnium
1683 881 1976 932 institutio.
2052 881 2141 930 Ita

222 974 287 1020 ut
312 970 354 1020 si
382 970 512 1037 quid
537 970 594 1020 in
619 968 737 1020 istis
763 967 975 1018 videtur
1000 966 1286 1035 aliquando
1312 966 1737 1030 desiderandum,
1762 982 1869 1017 non
1896 970 1976 1017 est
2000 975 2141 1018 certe

222 1060 287 1107 ut
310 1055 516 1123 aliquid
541 1055 668 1106 inde
693 1053 1018 1117 detrahatur,
1044 1053 1134 1105 sed
1160 1056 1224 1104 ut
1249 1053 1416 1104 satius
1443 1052 1649 1120 aliquid
1674 1053 1723 1103 ei
1749 1052 1994 1103 addatur.

367 1141 461 1192 IV.
512 1141 592 1192 De
636 1140 882 1209 religiosa
919 1156 1202 1208 puerorum
1233 1140 1601 1203 instructione,
1628 1139 1672 1190 si
1697 1156 1759 1190 ea
1790 1143 1870 1190 est
1895 1138 2142 1190 omnibus

222 1227 535 1290 communiS,
562 1230 617 1277 et
641 1226 884 1277 omnium
909 1226 1093 1294 captui
1117 1226 1532 1290 accommodata,
1558 1229 1763 1276 certum
1799 1228 1880 1276 est
1916 1224 2144 1293 diligen-

222 1315 491 1366 tissimum
528 1313 768 1365 studium
804 1314 863 1363 in
905 1329 965 1363 eo
1008 1312 1154 1380 poni,
1190 1315 1255 1363 ut
1297 1315 1477 1363 coetus
1520 1311 1799 1380 utriusque
1842 1311 2025 1362 usibus
2071 1311 2143 1361 sit

224 1400 501 1451 sufficiens,
574 1398 716 1449 Nam
742 1398 786 1449 si
813 1415 905 1466 pro
930 1414 1037 1448 uno
1063 1397 1164 1448 erit
1188 1396 1287 1448 hoc
1314 1397 1726 1449 fundamentum
1767 1397 2143 1448 tantummodo

223 1484 495 1553 amplioris
529 1484 800 1536 doctrinae
842 1483 901 1534 in
941 1482 1240 1553 theologiae
1284 1500 1439 1534 cursu
1482 1483 1647 1535 solide
1689 1483 1913 1551 desuper
1956 1483 2144 1551 adjici-

224 1572 408 1635 endae,
451 1571 553 1621 erit
596 1587 689 1638 pro
732 1569 882 1620 laicis
925 1572 1041 1620 tota
1085 1569 1400 1620 eruditionis
1450 1573 1735 1633 armatura,
1784 1586 1890 1637 qua
1940 1568 2142 1619 muniti

222 1658 403 1708 erroris
453 1660 509 1708 et
558 1655 908 1723 corruptionis
959 1654 1155 1706 saeculi
1203 1654 1423 1705 hostiles
1485 1658 1706 1706 conatus
1768 1655 2025 1706 sustinere
2089 1658 2144 1705 et

224 1760 462 1810 superare
506 1742 735 1793 valeant.
844 1741 912 1791 In
960 1740 1059 1792 hoc
1112 1741 1281 1792 veluti
1332 1741 1503 1792 stadio
1552 1741 1843 1792 virtutibus
1892 1759 1953 1792 ac
2004 1740 2144 1792 sanis

223 1828 501 1897 principiis
544 1828 877 1891 imbuuntur,
928 1827 1120 1896 quibus
1171 1826 1607 1878 colluctationem
1656 1827 1903 1878 adversus
1953 1827 2143 1877 mundi

223 1915 493 1966 illecebras
543 1918 599 1966 et
647 1918 867 1965 naturae
916 1914 983 1964 ad
1033 1913 1238 1963 malum
1286 1913 1685 1980 proclivitatem
1747 1913 2142 1983 aggrediantur.

223 2000 410 2068 Neque
449 2000 547 2051 hac
593 2017 683 2068 spe
727 1999 996 2050 fraudatos
1022 2016 1076 2050 se
1111 1999 1283 2049 dicere
1308 2003 1531 2067 possunt
1557 1999 1828 2067 Episcopi,
1855 2017 1977 2050 cum
2004 2000 2146 2050 inter

223 2082 382 2134 laicos
409 2099 621 2133 suarum
646 2082 1002 2145 Dioecesium,
1028 2081 1232 2132 nobiles
1258 2082 1425 2132 etiam
1442 2080 1668 2148 juvenes
1702 2098 1809 2132 non
1852 2098 2046 2149 paucos
2086 2083 2144 2132 in

225 2168 331 2219 suis
351 2166 599 2237 Collegiis
626 2168 875 2219 educatos
900 2168 1134 2230 videant,
1154 2167 1310 2217 Fidei
1336 2166 1612 2231 firmitate,
1632 2168 1870 2219 caritatis
1896 2168 2144 2219 exercitio

226 2257 282 2305 et
307 2251 630 2304 coeterarum
655 2254 922 2304 virtutum
949 2253 1224 2321 splendore
1250 2252 1584 2304 clarissimos.

306 2369 308 2371 -
369 2339 721 2400 Quamobrem
747 2340 855 2391 dici
882 2340 1049 2391 forsan
1079 2342 1274 2407 potest,
1294 2339 1607 2408 ampliorem
1634 2356 1695 2390 ac
1715 2340 2014 2391 solidiorem
2035 2357 2144 2392 esse

225 2426 281 2476 in
308 2423 579 2477 Catechesi
604 2429 660 2476 et
684 2426 741 2476 in
765 2426 1083 2477 rudimentis
1110 2424 1265 2476 Fidei
1301 2442 1363 2476 ac
1400 2424 1696 2495 Religionis
1733 2427 2142 2478 instructionem

223 2528 504 2579 puerorum
543 2511 709 2562 statui
741 2510 1115 2561 Ecclesiastico
1141 2511 1549 2574 destinatorum,
1575 2528 1635 2562 eo
1662 2512 1777 2579 ipso
1803 2513 1943 2580 quod
1970 2517 2141 2563 totam

187 2638 202 2653 .
225 2597 521 2648 doctrinam
564 2596 813 2647 hauriant
856 2614 992 2664 quae
1025 2596 1177 2647 laicis
1202 2598 1498 2665 praebetur.
1574 2598 1717 2648 Talis
1744 2598 1889 2648 enim
1916 2599 2019 2649 ista
2045 2603 2143 2662 est,

224 2687 287 2734 ut
310 2699 417 2733 non
443 2682 614 2734 solum
639 2682 956 2750 primoribus
982 2683 1140 2734 labiis
1166 2684 1346 2735 studia
1387 2700 1530 2735 sacra
1575 2685 1820 2736 videatur
1859 2687 2143 2755 attingere,

225 2768 314 2819 sed
338 2768 519 2836 potius
544 2767 860 2837 theologiae,
886 2772 943 2819 et
967 2770 1440 2821 controversiarum
1466 2771 1766 2838 speciatim,
1792 2772 2059 2839 quoddam
2083 2772 2141 2823 in

227 2871 281 2904 se
305 2870 519 2923 germen
545 2854 829 2906 continere.
1171 2858 1180 2868 '

365 2939 431 2991 V.
480 2939 719 3008 Denique
763 2942 878 3008 ipsa
903 2942 1153 2993 exercitia
1178 2942 1479 3010 spiritualia
1504 2943 1637 2994 talia
1663 2946 1804 3007 sunt,
1830 2947 1895 2994 ut
1920 2944 2054 2995 forte
2079 2944 2138 2995 in

225 3024 458 3095 Collegio
482 3043 622 3077 mere
647 3026 825 3077 laicali
851 3031 1025 3078 essent
1049 3028 1367 3097 mitiganda.
1455 3027 1594 3079 Sunt
1618 3030 1818 3079 etenim
1844 3046 1904 3080 ea
1929 3046 2136 3097 prorsus

223 3118 346 3158 cum
388 3108 657 3159 nonnullis
701 3109 791 3160 sed
834 3109 1041 3161 levibus
1085 3110 1472 3178 discrepantiiS,
1507 3128 1642 3178 quae
1679 3111 1737 3161 in
1777 3112 1999 3179 antiquo
2044 3113 2137 3162 illo

223 3192 471 3244 Duaceno
534 3192 783 3264 Collegio,
835 3194 955 3262 jam
1016 3212 1049 3246 a
1110 3194 1164 3247 S.
1228 3195 1364 3246 Sede
1422 3196 1729 3263 approbata,
1780 3197 2133 3249 servabantur.

224 3279 546 3340 Quotidiana
589 3281 793 3331 scilicet
831 3282 1114 3332 meditatio
1160 3286 1215 3333 et
1255 3283 1322 3333 ad
1362 3281 1415 3333 S.
1445 3282 1774 3334 Sacrificium
1800 3284 2135 3344 assistentia3

228 3365 354 3417 bina
398 3365 569 3418 SSmi.
614 3366 940 3418 Sacramenti
983 3372 1104 3436 post
1145 3369 1454 3420 refectiones
1504 3370 1741 3419 visitatio
1760 3388 1772 3429 3
1825 3371 2137 3436 quotidiana

222 3451 465 3503 lectionis
491 3454 781 3521 spiritualis
807 3454 1166 3517 observantia3
1206 3472 1382 3523 preces
1426 3459 1712 3505 nocturnae
1754 3455 1919 3505 etiam
1960 3457 2137 3523 dupli-

224 3542 373 3588 catae
415 3542 540 3589 ante
579 3539 861 3600 cubitum3
899 3540 1145 3591 recitatio
1187 3540 1427 3601 Rosarii3
1466 3540 1795 3590 observantia
1839 3541 2135 3591 arctissima

224 3621 502 3675 Festorum
552 3624 854 3685 Ecclesiae;
893 3626 1132 3693 frequens
1183 3626 1498 3676 Benedictio
1549 3625 1721 3676 SSmi.
1769 3625 2096 3677 Sacramenti
2120 3646 2132 3688 3

222 3709 463 3759 omnium
507 3709 796 3760 officiorum
840 3709 1332 3761 Ecclesiasticorum
1370 3716 1554 3761 exacta
1585 3715 1639 3760 et
1665 3728 1786 3760 cum
1812 3716 1973 3761 cantu
2000 3713 2134 3763 cele-

224 3790 411 3857 bratio,
426 3810 533 3846 non
559 3795 728 3846 solum
753 3795 812 3845 in
838 3795 1024 3847 diebus
1045 3795 1274 3847 Festivis
1301 3796 1390 3847 sed
1416 3800 1471 3846 et
1495 3797 1553 3846 in
1570 3795 1761 3863 Majori
1785 3795 2131 3848 Hebdomada
