2514 4504
695 770 1463 846 APPROBATIO.

836 1154 1327 1217 DECRETUM

246 1315 302 1369 S.
341 1309 990 1368 CONGREGATIONIS
1035 1309 1131 1359 DE
1177 1308 1672 1361 PROPAGANDA
1718 1309 1911 1361 FIDE.

265 1482 402 1536 Cum
426 1481 608 1533 decem
634 1482 691 1531 et
715 1478 880 1530 trium
912 1477 1030 1546 jam
1065 1492 1324 1527 annorum
1365 1474 1602 1542 spatium
1642 1474 1949 1541 effluxisset,
1976 1494 2040 1527 ex

121 1588 225 1640 quo
266 1569 506 1638 Synodus
547 1548 894 1618 Provincialis
934 1563 1000 1613 ob
1042 1578 1226 1629 graves
1268 1560 1703 1629 multiplicesque
1746 1579 1928 1613 causas
1971 1563 2039 1614 ab

121 1656 346 1725 Angliae
389 1652 743 1705 Antistitibus
786 1649 1047 1701 celebrata
1095 1664 1203 1698 non
1247 1647 1439 1710 fuerat,
1482 1647 1703 1697 tandem
1753 1650 2040 1715 praeterito

121 1757 276 1799 ann0‚
302 1739 538 1807 praeside
565 1738 629 1788 R.
646 1737 709 1788 P.
725 1736 791 1786 D.
809 1734 1041 1785 Henrico
1067 1733 1316 1784 Eduardo
1340 1732 1606 1800 Manning
1632 1732 2040 1802 Archiepiscopo

121 1822 688 1887 westmonasteriensi,
731 1820 981 1872 celebrari
1030 1819 1227 1888 potuit.
1321 1818 1470 1870 Haec
1520 1818 1779 1887 SynodUS‚
1824 1837 1960 1888 quae
2007 1837 2040 1872 a

121 1910 369 1963 restituta
394 1910 451 1959 in
477 1908 671 1978 Anglia
697 1906 1052 1959 ecclesiastica
1079 1904 1390 1955 Hierarchia
1414 1909 1603 1971 quarta
1628 1911 1955 1969 numeratur,
1982 1907 2040 1957 in

123 1995 359 2047 Ecclesia
398 1993 622 2062 Collegii
662 1992 715 2044 S.
742 1991 1017 2043 Edmundi
1055 1990 1240 2042 habita
1271 1990 1396 2054 fuit,
1422 1991 1696 2057 tribusque
1722 1992 2038 2043 sessionibus

123 2080 347 2133 feliciter
366 2080 622 2131 absoluta.
666 2093 678 2105 ¹
699 2077 833 2131 Cum
859 2082 1042 2128 autem
1068 2077 1316 2127 laudatus
1338 2076 1549 2127 Praesu]
1574 2076 1805 2143 ejusdem
1830 2078 1965 2128 Acta
1985 2082 2040 2129 et

122 2166 345 2218 Decreta
369 2166 436 2216 ad
471 2165 525 2216 S.
553 2163 1032 2234 Congregationem
1058 2163 1124 2213 de
1149 2162 1498 2231 Propaganda
1524 2162 1675 2225 Fide,
1701 2168 1765 2213 ut
1790 2168 2038 2215 consueto

121 2250 353 2303 examini
394 2250 793 2318 subjicerentur,
819 2248 1234 2299 transmittenda
1274 2248 1552 2309 curaverit,
1584 2264 1644 2298 ea
1684 2248 1740 2298 in
1781 2250 2039 2317 generali-

121 2336 219 2388 bus
258 2337 492 2387 comit-iis
533 2336 642 2387 diei
686 2336 717 2388 6
763 2336 1020 2386 currentis
1059 2335 1273 2397 mensis,
1312 2334 1612 2401 praeposita
1652 2334 1907 2387 relatione
1946 2353 2039 2403 per

122 2422 624 2474 Eminentissimum
662 2425 717 2472 et
759 2420 1278 2472 Reverendissimum
1303 2418 1598 2469 Dominum
1625 2417 2037 2472 Constantinum

123 2507 176 2559 S.
222 2507 286 2558 R.
328 2507 392 2557 E.
435 2505 768 2558 Cardinalem
819 2506 1036 2568 Patrizi,
1080 2506 1148 2555 ad
1199 2505 1462 2568 trutinam
1511 2509 1755 2555 revocata
1805 2506 2035 2559 fuerunt.

122 2593 281 2644 Porro
308 2592 360 2644 S.
380 2590 688 2655 Consilium,
711 2591 894 2660 paucis
913 2591 1231 2659 quibusdam
1256 2592 1323 2640 ad
1348 2591 1627 2658 peculiaris
1653 2593 2036 2655 instructionis,

122 2694 256 2745 quae
294 2677 514 2728 insimul
553 2677 800 2739 traditur,
831 2677 1054 2727 formam
1093 2676 1337 2737 redactiS,
1375 2681 1718 2726 memoratam
1761 2676 2036 2745 Synodum

123 2763 330 2813 censuit
379 2779 489 2813 esse
537 2762 950 2830 adprobandam,
997 2765 1053 2812 et
1101 2762 1169 2812 ab
1216 2761 1465 2812 omnibus
1514 2762 1582 2812 ad
1638 2779 1767 2829 quos
1829 2768 2036 2831 spectat

121 2852 363 2899 accurate
397 2848 723 2898 servandam.

263 2931 435 2994 Quam
473 2932 527 2984 S.
555 2931 992 3002 Congregationis
1029 2932 1350 2983 sententiam
1376 2931 1560 2984 SSmo.
1587 2933 1817 2985 Domino
1843 2934 2034 2986 Nostro

122 3017 220 3070 Pio
239 3017 348 3069 PP.
367 3018 468 3069 IX.
489 3035 580 3085 per
605 3019 1003 3086 infrascriptum
1031 3017 1382 3069 Secretarium
1407 3018 1648 3081 relatam,
1673 3019 1732 3069 in
1758 3020 2034 3070 audientia

123 3103 230 3155 diei
259 3105 326 3153 12
351 3104 547 3154 mensis
571 3102 748 3170 hujus,
776 3102 1044 3154 Sanctitas
1070 3102 1180 3154 Sua
1219 3104 1277 3154 in
1314 3105 1559 3155 omnibus
1599 3105 1844 3168 sancivit,
1869 3122 2032 3171 eaque

123 3188 189 3240 de
213 3205 369 3239 causa
392 3205 634 3255 praesens
658 3187 943 3239 Decretum
961 3188 1126 3256 jussit
1151 3189 1419 3256 expediri.-

265 3273 465 3324 Datum
491 3272 691 3324 Romae
718 3291 781 3324 ex
805 3273 1039 3324 Aedibus
1064 3274 1239 3325 dict-ae
1266 3272 1320 3325 S.
1339 3273 1395 3326 G.
1413 3275 1479 3325 de
1498 3274 1559 3325 P.
1577 3274 1659 3338 F„
1676 3275 1761 3326 die
1788 3277 1856 3325 24
1875 3274 1911 3327 J
1915 3275 2032 3338 ulii,

130 3358 282 3411 1874.
697 3430 1044 3482 ALEXANDER
1081 3429 1254 3483 CARD.
1293 3431 1571 3495 Famem,
1599 3430 1791 3501 Praef.

1018 3541 1052 3593 J
1055 3554 1271 3593 omum
1309 3541 1567 3606 ΞΙΜΕΟΝΙ,
1601 3542 1957 3605 Secretariue.

264 3629 431 3703 τηρ
466 3631 521 3685 s.
