2514 4504
1064 521 1343 566 nuceam.
2070 507 2147 564 37

399 683 450 733 5.
498 680 963 734 Administrationi
987 674 1350 730 oeconomicae
1368 671 1806 723 monasteriorum
1824 683 1931 720 non
1949 682 2160 734 exemp-

256 771 432 820 torum
457 768 706 837 invigilet
730 766 943 819 solerter
967 765 1258 832 episcopm,
1282 758 1606 828 providendo
1632 755 1716 807 vel
1752 771 1845 822 per
1881 770 1935 805 se
1959 752 2044 804 vel
2068 768 2160 819 per

254 851 423 902 alium
446 858 620 905 rectae
643 853 900 904 bonorum
918 845 1369 902 administrationi
1386 842 1664 911 gerendae.
1727 839 1913 892 Status
1930 837 2160 889 admini-

255 937 541 1000 strationiS,
566 937 778 988 etiamsi
801 935 1056 987 moniales
1081 931 1253 984 ordini
1285 927 1514 998 regulari
1551 926 1776 989 subsint,
1812 925 2055 992 episcopo
2079 924 2161 973 est

254 1021 593 1073 exhibendus.
647 1022 969 1074 Monialium
984 1020 1134 1071 dotes
1151 1018 1209 1069 in
1227 1015 1451 1067 utilibus
1464 1010 1859 1064 investimentis
1877 1012 2159 1077 ponantur,

253 1110 318 1157 ut
341 1110 545 1158 certum
570 1108 838 1159 redditum
862 1105 1148 1158 annualem
1184 1102 1514 1170 producant3
1551 1114 1724 1165 neque
1761 1094 2159 1148 extraordinarii

251 1191 574 1244 inducantur
596 1195 838 1261 sumptus
860 1191 1058 1259 absque
1075 1187 1311 1257 episcopi
1334 1183 1732 1256 approbatione.

859 1395 1264 1451 DECRETUM
1334 1393 1546 1448 XXIX.

991 1530 1072 1584 De
1109 1525 1424 1599 Episcopis.

394 1665 573 1728 Quum
597 1666 839 1735 oporteat
852 1662 1125 1733 judicium
1148 1662 1379 1731 incipere
1403 1678 1435 1712 a
1466 1662 1624 1714 domo
1662 1662 1764 1715 Dei
1801 1662 1872 1731 (I
1886 1663 2035 1717 Patr.
2061 1676 2159 1728 Iv.,

256 1750 366 1820 17),
394 1768 666 1821 quumque
685 1752 976 1819 episcopm,
995 1750 1168 1801 factus
1187 1749 1354 1799 forma
1379 1748 1552 1818 gregis
1570 1765 1635 1800 ex
1652 1750 1831 1801 animo
1852 1748 1920 1819 (I
1921 1749 1968 1801 b.
1985 1763 2059 1813 V.‚
2080 1748 2158 1819 3),

250 1853 357 1888 non
380 1839 596 1888 tantum
620 1852 882 1888 sacrarum
907 1835 1139 1887 vestium
1160 1833 1448 1902 splendore,
1467 1850 1564 1884 nec
1584 1834 1748 1884 etiam
1773 1834 2159 1887 ecclesiasticae

249 1922 531 1990 dignitatis
554 1921 740 1990 gradu,
765 1925 1028 1988 quantum
1052 1920 1317 1971 virtutum
1334 1920 1661 1986 praestantia
1684 1923 1741 1971 et
1754 1921 1898 1971 vitae
1916 1922 2157 1986 candore,

248 2003 504 2071 populum
530 2007 586 2054 et
610 2003 810 2055 clerum
835 2002 1024 2054 debeat
1048 2001 1378 2065 antecellere,
1404 2001 1599 2053 idcirco
1625 2003 1791 2053 etiam
1817 2020 1951 2071 quae
1976 2005 2044 2054 ad
2062 2021 2157 2055 nos

245 2088 541 2139 referuntur
562 2104 670 2139 non
692 2091 849 2139 erunt
874 2087 1088 2139 silentio
1111 2087 1521 2156 praetereunda3
1559 2088 1648 2139 sed
1673 2089 1870 2156 potius,
1907 2090 2157 2142 timentes

245 2190 313 2225 ne
360 2173 492 2224 dum
539 2174 659 2226 aliis
706 2174 1089 2242 praedicamus,
1132 2175 1235 2242 ipsi
1284 2174 1487 2241 reprobi
1536 2174 1745 2239 fiamus,
1806 2176 1944 2226 circa
1990 2176 2158 2228 nostri

243 2260 475 2311 muneris
500 2258 688 2324 officia,
714 2260 991 2327 sequentia
1013 2258 1412 2327 praescribenda
1436 2275 1724 2312 censemus,

390 2345 440 2395 1.
490 2343 640 2406 Quod
664 2345 732 2397 de
750 2348 996 2396 accurata
1014 2344 1318 2414 cognitione
1336 2345 1511 2414 gregis
1536 2345 1639 2397 sibi
1659 2347 1924 2398 commissi
1943 2362 1976 2397 a
1990 2364 2157 2400 sacer-

242 2429 368 2482 dote
391 2429 743 2498 comparanda
766 2447 924 2499 supra
947 2430 1154 2481 dictum
1178 2430 1301 2492 fuit,
1337 2430 1395 2481 id
1432 2430 1605 2498 majus
1642 2447 1759 2483 vere
1796 2432 1863 2483 de
1899 2434 2158 2503 episcopis

241 2515 639 2567 observandum.
714 2515 826 2583 Ipsi
852 2515 1015 2578 enim,
1040 2515 1208 2566 veluti
1234 2515 1584 2582 speculatores
1608 2530 1763 2584 super
1793 2534 1970 2571 muros
2002 2519 2041 2572 J
2041 2538 2159 2572 eru-

242 2600 406 2651 salem
430 2599 611 2668 positi,
635 2600 988 2668 undequaque
1011 2601 1270 2652 indefesso
1294 2601 1405 2653 zelo
1434 2602 1657 2671 vigilare
1693 2604 1903 2656 debent.
1978 2607 2159 2675 Igitur

242 2685 523 2738 dioecesim
547 2689 789 2747 accurate
812 2686 1108 2751 addiscant,
1133 2689 1342 2738 exactas
1367 2687 1433 2738 de
1458 2687 1684 2757 singulis
1708 2688 1836 2741 locis
1876 2691 2158 2746 relationes

241 2771 528 2840 exigentes

384 2857 436 2907 2.
487 2855 592 2908 Sed
615 2855 699 2908 his
722 2873 827 2908 non
854 2858 1110 2921 contenti,
1143 2859 1317 2908 totam
1355 2857 1640 2910 dioecesim
1677 2859 1782 2928 ipsi
1818 2862 2156 2929 perlustrent.

242 2939 396 3001 Quod
413 2940 631 3008 quidem
656 2941 863 2993 facilius
888 2943 1094 3006 evadet,
1113 2943 1158 2994 si
1184 2944 1459 3011 episcopus
1484 2943 1768 2996 dioecesim
1782 2947 1840 2997 in
1858 2952 1963 2999 tres
1981 2954 2158 3017 partes

241 3025 467 3088 dividat,
504 3026 585 3076 ita
622 3029 687 3077 ut
729 3043 892 3077 unam
932 3031 1138 3095 partem
1180 3029 1467 3095 quotannis
1508 3029 1742 3092 invisat3
1779 3035 2057 3102 totamque
2098 3037 2158 3088 in

241 3109 471 3161 triennio
494 3109 803 3179 investiget,
828 3112 887 3162 in
923 3128 1238 3180 unaquaque
1275 3113 1496 3166 ecclesia
1534 3116 1951 3171 confirmationis
1989 3137 2159 3173 sacra-

240 3197 486 3245 mentum
510 3194 902 3247 administrans..
2002 3202 2004 3204 ’

385 3280 437 3330 3.
486 3277 589 3331 Sed
607 3279 748 3347 quod
767 3281 991 3332 maximi
1009 3285 1090 3334 est
1107 3285 1385 3348 momenti,
1403 3286 1767 3339 visitationem
1788 3290 2156 3359 episcopalem,

241 3363 458 3414 statutis
483 3364 827 3431 temporibuS,
853 3365 1021 3417 facere
1045 3383 1151 3418 non
1175 3369 1432 3438 negligat.
1508 3370 1583 3422 Et
1607 3373 1823 3439 quidem
1849 3374 2155 3443 hujusmodi

239 3447 478 3498 visitatio
515 3464 623 3499 non
666 3451 852 3516 quovis
894 3452 1051 3503 modo
1094 3457 1175 3503 est
1217 3454 1473 3519 habenda,
1516 3473 1689 3525 neque
1722 3458 1883 3526 juxta
1919 3461 2155 3529 aliquam

240 3547 375 3598 quae
405 3530 521 3598 jam
561 3534 759 3602 vigeat,
799 3537 1255 3602 consuetudinem,
1298 3541 1388 3590 sed
1425 3546 1689 3608 quantum
1727 3542 1840 3594 fieri
1866 3550 2061 3613 potest,
2086 3549 2153 3598 ad

238 3631 476 3667 normam
502 3616 560 3666 in
584 3616 889 3669 Pontificali
922 3619 1160 3671 Romano
1196 3625 1589 3691 praescriptam.
1665 3627 1956 3696 Episcopus
1987 3631 2155 3699 igitur

240 3699 531 3762 ecclesiam,
555 3701 956 3768 presbyterium,
982 3703 1199 3769 scholaS,
1226 3711 1620 3774 coemeterium,
1644 3716 1700 3761 et
1724 3715 1903 3764 omnia
1935 3732 2070 3782 quae
2095 3720 2151 3770 in

238 3798 418 3833 eorum
440 3784 650 3835 ambitu
674 3788 1031 3851 eontinentur,
1056 3794 1114 3840 et
1136 3807 1272 3857 quae
1296 3792 1354 3842 in
1379 3793 1447 3844 iis
1473 3799 1759 3859 servantur,
1784 3814 1906 3849 vasa
1942 3817 2151 3869 quoque

239 3882 400 3930 sacra,
441 3884 638 3919 sacram
682 3870 1082 3937 supellectilem,
1118 3874 1326 3939 altaria,
1351 3877 1769 3944 tabernaculum,
1806 3886 1863 3932 et
1887 3885 2148 3952 quidquid
