2514 4504
695 451 776 497 nn
819 452 990 497 osrm
1031 454 1315 498 OONJUGIS
1360 457 1692 502 Psommno.
2019 444 2140 506 411

238 598 618 650 'remotissimas
642 613 875 666 quasque
899 599 1136 667 regiones
1155 600 1385 651 adeundi
1404 601 1462 651 in
1489 618 1669 652 omnes
1689 603 1794 654 fere
1820 603 1957 655 orbis
1982 612 2154 672 partes

241 683 480 735 homines
505 684 841 752 divagentur,
865 682 1126 751 ejusmodi
1157 701 1375 735 casuum
1408 686 1703 738 multitudo
1728 689 1855 739 adeo
1882 692 2156 754 succrevit,

241 773 306 820 ut
329 769 744 837 frequentissimi
769 768 867 820 hac
892 768 959 820 de
982 786 1037 820 re
1062 770 1130 821 ad
1161 769 1474 838 Supremam
1511 772 1646 823 hanc
1683 771 2154 842 congregationem

242 853 532 906 habeantur
570 871 823 919 recursuS‚
862 871 969 907 non
1003 857 1114 907 sine
1147 873 1298 924 porro
1329 858 1564 925 partium
1592 859 1942 922 incommodO,
1968 861 2156 927 quibus

242 940 383 991 inter
419 940 839 1005 informationes,
878 945 1041 1009 atque
1083 941 1475 1006 instructiones,
1515 960 1644 1012 quas
1684 961 1776 1012 pro
1819 962 1871 995 re
1914 951 2058 1007 nata,
2096 951 2157 996 ut

242 1027 413 1088 aiunt,
431 1026 563 1093 peti,
580 1027 836 1094 mittique
860 1042 1068 1079 necesse
1092 1032 1191 1090 est,
1210 1027 1503 1095 plurimum
1528 1028 1719 1081 defluit
1739 1031 2008 1098 temporie,
2028 1032 2155 1098 quin

241 1112 446 1180 possint
471 1112 538 1164 ad
564 1115 750 1181 optata
775 1115 900 1165 vota
925 1114 1215 1166 convolare.

388 1197 717 1267 Quapropter
737 1198 894 1251 Sacra
912 1201 1098 1252 eadem
1124 1199 1476 1271 Congregatio
1501 1201 1805 1270 hujusmodi
1831 1204 2159 1254 necessitati-

241 1283 340 1335 bus
355 1300 617 1336 occurrere
627 1287 953 1354 percupienS,
966 1286 1229 1355 simulque
1239 1287 1562 1355 perpendens
1572 1288 1627 1338 in
1638 1288 1838 1339 dissitis
1853 1289 2157 1355 praesertim

241 1369 558 1421 missionum
606 1370 754 1434 locis,
805 1371 1203 1424 Ecclesiasticos
1264 1372 1527 1440 praesides
1577 1374 1888 1441 opportunis
1937 1373 2158 1423 destitui

244 1456 510 1519 subsidiiS‚
534 1457 728 1524 quibus
753 1473 818 1509 ex
842 1458 1092 1527 gravibus
1128 1456 1534 1510 difficultatibus
1572 1459 1825 1510 extricare
1852 1476 1906 1510 se
1930 1458 2157 1521 valeant,

240 1560 270 1594 e
293 1560 349 1595 re
371 1559 481 1594 esse
506 1544 732 1608 censuit,
747 1543 1039 1596 uberiorem
1066 1544 1216 1596 edere
1242 1545 1674 1609 Instructionem,
1699 1546 1757 1597 in
1782 1562 1903 1613 qua,
1921 1546 2005 1608 iis,
2024 1562 2159 1612 quae

232 1630 352 1698 jam
394 1630 594 1683 tradita
637 1635 781 1696 sunt,
822 1632 973 1684 nullo
1008 1637 1166 1702 pacto
1205 1634 1488 1703 abrogatis,
1531 1634 1744 1705 regulae
1786 1635 2161 1704 indigitentur‚

241 1733 371 1784 quas
395 1717 455 1767 in
478 1716 741 1785 ejusmodi
765 1718 973 1770 casibus
997 1718 1127 1771 haec
1152 1720 1268 1787 ipsa
1294 1719 1348 1771 S.
1377 1718 1728 1790 Congregatio
1754 1720 1901 1788 sequi
1926 1720 2077 1782 solet,
2097 1725 2158 1770 ut

239 1801 455 1854 illarum
474 1819 591 1871 ope,
615 1803 702 1855 vel
726 1802 923 1872 absque
946 1806 1262 1857 necessitate
1299 1822 1535 1857 recursus
1580 1806 1648 1857 ad
1674 1805 1925 1857 Sanctam
1950 1804 2159 1867 Sedem,

242 1888 448 1956 possint
463 1888 675 1957 judicia
699 1889 841 1954 ferri,
866 1890 951 1942 vel
991 1894 1151 1952 certe,
1176 1891 1222 1942 si
1260 1891 1628 1942 recurrendum
1669 1891 1759 1954 sit,
1784 1894 1952 1942 status
1976 1907 2159 1958 quaes-

241 1973 405 2025 tionis
428 1974 509 2025 ita
533 1974 770 2028 dilucide
793 1980 1102 2045 exponatur,
1121 1980 1186 2028 ut
1203 1976 1452 2045 impediri
1475 1976 1701 2046 longiori
1725 1993 1870 2028 mora
1898 1977 2158 2028 sententia

239 2073 349 2112 non
372 2059 577 2113 debeat.
653 2060 862 2130 Itaque.

390 2154 437 2205 1.
488 2151 623 2205 Cum
649 2154 716 2205 de
739 2154 980 2225 conjugis
1019 2158 1190 2207 morte
1233 2155 1474 2223 quaestio
1515 2155 1839 2217 instituitur,
1863 2155 2157 2205 notandum

240 2237 413 2307 primo
438 2238 571 2303 loco,
589 2239 732 2308 quod
756 2244 1134 2309 argumentum
1159 2257 1192 2291 a
1217 2240 1326 2291 sola
1350 2240 1519 2308 ipsius
1544 2240 1782 2290 absentia
1807 2244 2156 2306 quantacum-

241 2341 345 2393 que
370 2322 526 2391 (licet
549 2341 582 2378 a
614 2325 822 2395 legibus
861 2326 1108 2378 civilibus
1148 2326 1255 2379 fere
1298 2326 1496 2393 ubique
1536 2323 1878 2394 admittatur)
1918 2342 1950 2375 a
1991 2324 2158 2376 Sacris

242 2408 544 2463 Canonibus
585 2412 809 2464 minime
852 2412 1114 2465 sufficiens
1158 2413 1225 2464 ad
1261 2413 1468 2481 justam
1510 2412 1876 2480 probationem
1920 2410 2155 2462 habetur.

243 2495 401 2549 Unde
440 2514 512 2550 sa.
552 2514 656 2551 me.
697 2498 826 2550 Pius
865 2498 963 2550 VI.
989 2499 1056 2551 ad
1094 2498 1565 2566 Archiepiscopum
1605 2497 1923 2566 Pragensem
1961 2497 2048 2547 die
2092 2498 2150 2546 ll

239 2580 277 2634 J
278 2582 379 2633 ulii
407 2580 545 2635 1789
571 2584 853 2652 rescripsit,
880 2583 1047 2635 solam
1090 2583 1334 2651 conjugis
1377 2583 1692 2646 absentiam,
1717 2587 1874 2650 atque
1900 2583 2157 2634 omnimo-

241 2668 371 2720 dum
396 2668 634 2737 ejusdem
659 2669 936 2721 silentium
954 2667 1094 2721 satis
1117 2673 1525 2736 argumentum
1547 2684 1666 2719 ‘non
1694 2684 1800 2719 esse
1825 2666 1901 2718 acl
1925 2671 2154 2718 mortem

242 2752 732 2824 comprobandam,
756 2772 825 2807 ne
848 2759 969 2806 tum
993 2755 1212 2823 quidem
1237 2771 1362 2805 cum
1387 2753 1562 2805 edicto
1587 2754 1731 2822 regio
1757 2753 1948 2820 conjux
1974 2752 2155 2802 absens

239 2843 487 2893 evocatus
513 2839 786 2910 (idemque
821 2857 972 2909 porro
1015 2839 1302 2891 dicendum
1346 2842 1444 2901 est,
1470 2839 1513 2889 si
1538 2855 1629 2906 per
1652 2838 1888 2906 publicas
1914 2837 2156 2905 epheme-

239 2925 376 2976 rides
417 2925 476 2977 id
520 2926 725 2978 factum
769 2926 866 2994 sit)
911 2925 1124 2976 nullum
1164 2925 1361 2975 suimet
1400 2924 1660 2974 indicium
1698 2923 1918 2974 dederit.
1996 2918 2156 2985 Quod

241 3008 395 3063 cnv‘sm
417 3027 536 3064 ‘no‘n
560 3009 956 3082 comparuerit,
980 3011 1126 3062 idem
1150 3010 1231 3061 ait
1268 3010 1536 3072 Pontifex,
1561 3025 1680 3061 ‘non
1703 3005 1887 3075 ‘mayis
1912 3022 2064 3059 ‘mors
2087 3004 2155 3058 {sn

240 3110 412 3148 causa
437 3112 545 3148 esse
561 3094 774 3167 potuit,
800 3112 972 3166 quam
997 3094 1115 3164 ejas
1142 3092 1515 3146 contumacia.

384 3184 435 3233 2.
486 3182 631 3233 Hinc
670 3182 739 3233 ad
781 3182 1164 3250 praescriptum
1208 3180 1512 3231 eorumdem
1556 3195 1818 3230 sacrorum
1863 3177 2152 3239 Canonum,

238 3267 619 3320 documentum
642 3268 1016 3320 authenticum
1041 3267 1217 3319 obitus
1243 3266 1492 3335 diligenti
1509 3266 1685 3317 studio
1711 3265 1913 3332 exquiri
1938 3265 2151 3314 omnino

239 3354 427 3414 debet3
469 3358 744 3405 exaratum
771 3354 975 3405 scilicet
1016 3370 1079 3404 ex
1118 3353 1337 3422 regestis
1378 3352 1671 3414 Paroeciae,
1698 3352 1780 3402 vel
1807 3349 2150 3410 Xenodochii,

238 3440 325 3492 vel
347 3440 596 3503 militiae,
621 3440 705 3492 vel
729 3441 912 3503 etiam,
938 3440 982 3491 si
1007 3439 1187 3491 haberi
1212 3442 1443 3506 nequeat
1457 3438 1525 3488 ab
1543 3437 1861 3488 auctoritate
1887 3434 2152 3485 ecclesias-

239 3527 367 3589 tica,
385 3542 418 3576 a
442 3525 713 3577 Gubernio
738 3525 887 3576 civili
912 3525 1015 3577 loci
1041 3525 1100 3576 in
1124 3541 1247 3593 quo,
1264 3529 1328 3575 ut
1353 3523 1686 3592 supponitur,
1705 3537 1920 3589 persona
1945 3520 2148 3570 obierit.

234 3682 238 3687 .
385 3613 435 3662 3.
485 3610 644 3686 Porro
670 3611 985 3684 quandoque
1010 3609 1107 3661 hoc
1145 3610 1526 3661 documentum
1566 3608 1743 3660 haberi
1785 3606 2002 3673 nequit3
2046 3622 2150 3672 quo

240 3712 363 3748 casu
389 3695 609 3748 testium
635 3695 1051 3764 depositionibus
1088 3693 1441 3762 supplendum
1482 3693 1598 3744 erit.
1696 3691 1875 3743 Testes
1901 3707 2019 3742 vero
2044 3690 2148 3742 duo
