<?xml version="1.0" encoding="UTF-8"?>
<!DOCTYPE html PUBLIC "-//W3C//DTD XHTML 1.0 Transitional//EN"
    "http://www.w3.org/TR/xhtml1/DTD/xhtml1-transitional.dtd">
<html xmlns="http://www.w3.org/1999/xhtml" xml:lang="en" lang="en">
 <head>
  <title>
</title>
<meta http-equiv="Content-Type" content="text/html;charset=utf-8" />
  <meta name='ocr-system' content='tesseract 3.04.00' />
  <meta name='ocr-capabilities' content='ocr_page ocr_carea ocr_par ocr_line ocrx_word'/>
</head>
<body>
  <div class='ocr_page' id='page_1' title='image "a613743300cathuoft_0020.png"; bbox 0 0 2514 4504; ppageno 0'>
   <div class='ocr_carea' id='block_1_1' title="bbox 294 434 1593 499">
    <p class='ocr_par' dir='ltr' id='par_1_1' title="bbox 294 434 1593 499">
     <span class='ocr_line' id='line_1_1' title="bbox 294 434 1593 499; baseline -0.011 0"><span class='ocrx_word' id='word_1_1' title='bbox 294 434 336 499; x_wconf 83' lang='lat'><strong>2</strong></span> <span class='ocrx_word' id='word_1_2' title='bbox 867 446 1029 494; x_wconf 71' lang='lat' dir='ltr'>corvo.</span> <span class='ocrx_word' id='word_1_3' title='bbox 1073 444 1239 490; x_wconf 77' lang='lat' dir='ltr'>PRov.</span> <span class='ocrx_word' id='word_1_4' title='bbox 1286 441 1506 487; x_wconf 68' lang='lat' dir='ltr'>wsss&#39;rM,</span> <span class='ocrx_word' id='word_1_5' title='bbox 1550 442 1593 487; x_wconf 93' lang='lat'>1.</span> 
     </span>
    </p>
   </div>
   <div class='ocr_carea' id='block_1_2' title="bbox 675 1246 1797 1327">
    <p class='ocr_par' dir='ltr' id='par_1_2' title="bbox 675 1246 1797 1327">
     <span class='ocr_line' id='line_1_2' title="bbox 675 1246 1797 1327; baseline -0.003 0"><span class='ocrx_word' id='word_1_6' title='bbox 675 1248 1178 1327; x_wconf 82' lang='lat' dir='ltr'>CONCILII</span> <span class='ocrx_word' id='word_1_7' title='bbox 1262 1246 1797 1324; x_wconf 84' lang='lat' dir='ltr'><strong>DECRETA.</strong></span> 
     </span>
    </p>
   </div>
   <div class='ocr_carea' id='block_1_3' title="bbox 990 1681 1575 1763">
    <p class='ocr_par' dir='ltr' id='par_1_3' title="bbox 990 1681 1575 1763">
     <span class='ocr_line' id='line_1_3' title="bbox 990 1681 1575 1763; baseline -0.005 0"><span class='ocrx_word' id='word_1_8' title='bbox 990 1707 1392 1763; x_wconf 82' lang='lat' dir='ltr'><strong>DECRETUM</strong></span> <span class='ocrx_word' id='word_1_9' title='bbox 1439 1705 1486 1761; x_wconf 91' lang='lat'>1.</span> <span class='ocrx_word' id='word_1_10' title='bbox 1572 1681 1575 1685; x_wconf 71' lang='grc'><em>’</em></span> 
     </span>
    </p>
   </div>
   <div class='ocr_carea' id='block_1_4' title="bbox 894 1898 1591 1974">
    <p class='ocr_par' dir='ltr' id='par_1_4' title="bbox 894 1898 1591 1974">
     <span class='ocr_line' id='line_1_4' title="bbox 894 1898 1591 1974; baseline -0.007 -16"><span class='ocrx_word' id='word_1_11' title='bbox 894 1901 975 1958; x_wconf 80' lang='lat' dir='ltr'>De</span> <span class='ocrx_word' id='word_1_12' title='bbox 1008 1901 1314 1974; x_wconf 72' lang='lat' dir='ltr'>aperienda</span> <span class='ocrx_word' id='word_1_13' title='bbox 1348 1898 1591 1971; x_wconf 72' lang='lat' dir='ltr'>Synodo,</span> 
     </span>
    </p>
   </div>
   <div class='ocr_carea' id='block_1_5' title="bbox 293 2073 2191 3251">
    <p class='ocr_par' dir='ltr' id='par_1_5' title="bbox 294 2073 2190 2232">
     <span class='ocr_line' id='line_1_5' title="bbox 435 2073 2190 2141; baseline -0.001 -11"><span class='ocrx_word' id='word_1_14' title='bbox 435 2078 500 2130; x_wconf 90' lang='lat' dir='ltr'>In</span> <span class='ocrx_word' id='word_1_15' title='bbox 526 2080 738 2131; x_wconf 90' lang='lat' dir='ltr'>nomine</span> <span class='ocrx_word' id='word_1_16' title='bbox 765 2079 1132 2132; x_wconf 74' lang='lat' dir='ltr'>Sacrosanctae</span> <span class='ocrx_word' id='word_1_17' title='bbox 1157 2082 1213 2129; x_wconf 69' lang='lat' dir='ltr'>et,</span> <span class='ocrx_word' id='word_1_18' title='bbox 1235 2077 1544 2129; x_wconf 85' lang='lat' dir='ltr'>individuae</span> <span class='ocrx_word' id='word_1_19' title='bbox 1579 2074 1878 2140; x_wconf 74' lang='lat' dir='ltr'>Trinitatis,</span> <span class='ocrx_word' id='word_1_20' title='bbox 1900 2073 2097 2141; x_wconf 69' lang='lat' dir='ltr'>Patria,</span> <span class='ocrx_word' id='word_1_21' title='bbox 2130 2078 2190 2128; x_wconf 74' lang='lat' dir='ltr'>et</span> 
     </span>
     <span class='ocr_line' id='line_1_6' title="bbox 294 2148 1253 2232; baseline -0.001 -17"><span class='ocrx_word' id='word_1_22' title='bbox 294 2163 442 2228; x_wconf 87' lang='lat' dir='ltr'>Filii,</span> <span class='ocrx_word' id='word_1_23' title='bbox 468 2168 524 2215; x_wconf 72' lang='lat' dir='ltr'>et</span> <span class='ocrx_word' id='word_1_24' title='bbox 548 2163 779 2232; x_wconf 82' lang='lat' dir='ltr'>Spiritus</span> <span class='ocrx_word' id='word_1_25' title='bbox 804 2165 991 2217; x_wconf 73' lang='lat' dir='ltr'>sancti.</span> <span class='ocrx_word' id='word_1_26' title='bbox 1064 2148 1253 2215; x_wconf 86' lang='lat' dir='ltr'>Amen.</span> 
     </span>
    </p>

    <p class='ocr_par' dir='ltr' id='par_1_6' title="bbox 293 2233 2191 2996">
     <span class='ocr_line' id='line_1_7' title="bbox 434 2233 2190 2300; baseline 0.001 -1"><span class='ocrx_word' id='word_1_27' title='bbox 434 2248 549 2300; x_wconf 87' lang='lat' dir='ltr'>Nos</span> <span class='ocrx_word' id='word_1_28' title='bbox 596 2247 648 2299; x_wconf 89' lang='lat' dir='ltr'>N</span> <span class='ocrx_word' id='word_1_29' title='bbox 650 2259 880 2300; x_wconf 83' lang='lat' dir='ltr'>ICOLAUS</span> <span class='ocrx_word' id='word_1_30' title='bbox 927 2248 1266 2299; x_wconf 71' lang='lat' dir='ltr'>miseratione</span> <span class='ocrx_word' id='word_1_31' title='bbox 1326 2246 1512 2298; x_wconf 86' lang='lat' dir='ltr'>divina</span> <span class='ocrx_word' id='word_1_32' title='bbox 1570 2244 1625 2299; x_wconf 87' lang='lat' dir='ltr'>S.</span> <span class='ocrx_word' id='word_1_33' title='bbox 1687 2233 1753 2299; x_wconf 82' lang='lat' dir='ltr'>R.</span> <span class='ocrx_word' id='word_1_34' title='bbox 1803 2246 1870 2299; x_wconf 85' lang='lat' dir='ltr'>E.</span> <span class='ocrx_word' id='word_1_35' title='bbox 1920 2246 2084 2299; x_wconf 77' lang='lat' dir='ltr'>titulo</span> <span class='ocrx_word' id='word_1_36' title='bbox 2133 2245 2190 2300; x_wconf 83' lang='lat' dir='ltr'>S.</span> 
     </span>
     <span class='ocr_line' id='line_1_8' title="bbox 293 2330 2190 2402; baseline -0.002 -17"><span class='ocrx_word' id='word_1_37' title='bbox 293 2333 658 2386; x_wconf 73' lang='lat' dir='ltr'>Pudentianae</span> <span class='ocrx_word' id='word_1_38' title='bbox 680 2334 948 2402; x_wconf 74' lang='lat' dir='ltr'><strong>presbyter</strong></span> <span class='ocrx_word' id='word_1_39' title='bbox 972 2332 1252 2384; x_wconf 88' lang='lat' dir='ltr'>cardinalis</span> <span class='ocrx_word' id='word_1_40' title='bbox 1278 2331 1545 2382; x_wconf 88' lang='lat' dir='ltr'>Wiseman</span> <span class='ocrx_word' id='word_1_41' title='bbox 1568 2330 1988 2399; x_wconf 82' lang='lat' dir='ltr'>archiepiscopus</span> <span class='ocrx_word' id='word_1_42' title='bbox 2015 2331 2190 2383; x_wconf 63' lang='lat' dir='ltr'>west-</span> 
     </span>
     <span class='ocr_line' id='line_1_9' title="bbox 294 2414 2191 2486; baseline -0.002 -14"><span class='ocrx_word' id='word_1_43' title='bbox 294 2420 730 2484; x_wconf 75' lang='lat' dir='ltr'>monasteriensiS,</span> <span class='ocrx_word' id='word_1_44' title='bbox 780 2420 847 2470; x_wconf 89' lang='lat' dir='ltr'>ad</span> <span class='ocrx_word' id='word_1_45' title='bbox 894 2419 1105 2469; x_wconf 90' lang='lat' dir='ltr'>laudem</span> <span class='ocrx_word' id='word_1_46' title='bbox 1137 2420 1212 2468; x_wconf 74' lang='lat' dir='ltr'>-et</span> <span class='ocrx_word' id='word_1_47' title='bbox 1264 2415 1489 2486; x_wconf 85' lang='lat' dir='ltr'>gloriam</span> <span class='ocrx_word' id='word_1_48' title='bbox 1535 2414 1638 2466; x_wconf 91' lang='lat' dir='ltr'>Dei</span> <span class='ocrx_word' id='word_1_49' title='bbox 1686 2417 2086 2484; x_wconf 76' lang='lat' dir='ltr'>omnipotentiS,</span> <span class='ocrx_word' id='word_1_50' title='bbox 2134 2421 2191 2469; x_wconf 77' lang='lat' dir='ltr'>et</span> 
     </span>
     <span class='ocr_line' id='line_1_10' title="bbox 296 2500 2190 2564; baseline -0.002 -7"><span class='ocrx_word' id='word_1_51' title='bbox 296 2504 578 2557; x_wconf 84' lang='lat' dir='ltr'>Salvatoris</span> <span class='ocrx_word' id='word_1_52' title='bbox 636 2506 802 2556; x_wconf 73' lang='lat' dir='ltr'>nostri</span> <span class='ocrx_word' id='word_1_53' title='bbox 861 2503 898 2555; x_wconf 90' lang='lat' dir='ltr'><strong>J</strong></span> <span class='ocrx_word' id='word_1_54' title='bbox 900 2521 990 2555; x_wconf 88' lang='lat' dir='ltr'>esu</span> <span class='ocrx_word' id='word_1_55' title='bbox 1051 2501 1267 2564; x_wconf 75' lang='lat' dir='ltr'>Christi,</span> <span class='ocrx_word' id='word_1_56' title='bbox 1327 2501 1396 2552; x_wconf 90' lang='lat' dir='ltr'>ad</span> <span class='ocrx_word' id='word_1_57' title='bbox 1454 2500 1705 2551; x_wconf 87' lang='lat' dir='ltr'>honorem</span> <span class='ocrx_word' id='word_1_58' title='bbox 1752 2501 2086 2553; x_wconf 73' lang='lat' dir='ltr'>beatissimae</span> <span class='ocrx_word' id='word_1_59' title='bbox 2134 2506 2190 2554; x_wconf 78' lang='lat' dir='ltr'>et</span> 
     </span>
     <span class='ocr_line' id='line_1_11' title="bbox 294 2585 2191 2656; baseline -0.002 -14"><span class='ocrx_word' id='word_1_60' title='bbox 294 2589 664 2642; x_wconf 74' lang='lat' dir='ltr'>immaculatae</span> <span class='ocrx_word' id='word_1_61' title='bbox 689 2589 922 2656; x_wconf 84' lang='lat' dir='ltr'>Virginis</span> <span class='ocrx_word' id='word_1_62' title='bbox 947 2587 1050 2639; x_wconf 89' lang='lat' dir='ltr'>Dei</span> <span class='ocrx_word' id='word_1_63' title='bbox 1077 2585 1366 2638; x_wconf 72' lang='lat' dir='ltr'>Genitricis</span> <span class='ocrx_word' id='word_1_64' title='bbox 1389 2585 1591 2636; x_wconf 75' lang='lat' dir='ltr'>Mariae</span> <span class='ocrx_word' id='word_1_65' title='bbox 1627 2585 1903 2636; x_wconf 78' lang='lat' dir='ltr'>beatorum</span> <span class='ocrx_word' id='word_1_66' title='bbox 1929 2587 2191 2654; x_wconf 79' lang='lat' dir='ltr'>apostolo—</span> 
     </span>
     <span class='ocr_line' id='line_1_12' title="bbox 295 2669 2190 2743; baseline -0.002 -16"><span class='ocrx_word' id='word_1_67' title='bbox 295 2692 414 2727; x_wconf 88' lang='lat' dir='ltr'>rum</span> <span class='ocrx_word' id='word_1_68' title='bbox 448 2675 594 2726; x_wconf 74' lang='lat' dir='ltr'>Petri</span> <span class='ocrx_word' id='word_1_69' title='bbox 630 2679 686 2726; x_wconf 74' lang='lat' dir='ltr'>et,</span> <span class='ocrx_word' id='word_1_70' title='bbox 720 2674 895 2737; x_wconf 86' lang='lat' dir='ltr'>Pauli,</span> <span class='ocrx_word' id='word_1_71' title='bbox 933 2677 1232 2724; x_wconf 72' lang='lat' dir='ltr'>sanctorum</span> <span class='ocrx_word' id='word_1_72' title='bbox 1268 2673 1561 2738; x_wconf 71' lang='lat' dir='ltr'>martyrum</span> <span class='ocrx_word' id='word_1_73' title='bbox 1597 2669 1829 2721; x_wconf 77' lang='lat' dir='ltr'>Thomae</span> <span class='ocrx_word' id='word_1_74' title='bbox 1865 2675 1922 2722; x_wconf 75' lang='lat' dir='ltr'>et</span> <span class='ocrx_word' id='word_1_75' title='bbox 1954 2671 2190 2743; x_wconf 84' lang='lat' dir='ltr'>Georgii,</span> 
     </span>
     <span class='ocr_line' id='line_1_13' title="bbox 297 2753 2189 2822; baseline -0.001 -11"><span class='ocrx_word' id='word_1_76' title='bbox 297 2764 354 2811; x_wconf 75' lang='lat' dir='ltr'>et</span> <span class='ocrx_word' id='word_1_77' title='bbox 408 2758 646 2810; x_wconf 90' lang='lat' dir='ltr'>omnium</span> <span class='ocrx_word' id='word_1_78' title='bbox 695 2762 1011 2822; x_wconf 71' lang='lat' dir='ltr'>sanctorum,</span> <span class='ocrx_word' id='word_1_79' title='bbox 1054 2757 1123 2808; x_wconf 88' lang='lat' dir='ltr'>ad</span> <span class='ocrx_word' id='word_1_80' title='bbox 1170 2754 1595 2806; x_wconf 77' lang='lat' dir='ltr'>aedificationem</span> <span class='ocrx_word' id='word_1_81' title='bbox 1645 2753 1914 2806; x_wconf 83' lang='lat' dir='ltr'>Ecclesiae</span> <span class='ocrx_word' id='word_1_82' title='bbox 1961 2755 2080 2820; x_wconf 88' lang='lat' dir='ltr'>Dei,</span> <span class='ocrx_word' id='word_1_83' title='bbox 2121 2758 2189 2809; x_wconf 87' lang='lat' dir='ltr'>ad</span> 
     </span>
     <span class='ocr_line' id='line_1_14' title="bbox 297 2838 2190 2911; baseline 0 -17"><span class='ocrx_word' id='word_1_84' title='bbox 297 2844 622 2911; x_wconf 87' lang='lat' dir='ltr'>corrigendos</span> <span class='ocrx_word' id='word_1_85' title='bbox 671 2844 878 2906; x_wconf 78' lang='lat' dir='ltr'>abusuS,</span> <span class='ocrx_word' id='word_1_86' title='bbox 927 2843 1189 2910; x_wconf 73' lang='lat' dir='ltr'>pietatem</span> <span class='ocrx_word' id='word_1_87' title='bbox 1237 2839 1519 2891; x_wconf 86' lang='lat' dir='ltr'>fovendam</span> <span class='ocrx_word' id='word_1_88' title='bbox 1567 2841 1625 2890; x_wconf 73' lang='lat' dir='ltr'>et</span> <span class='ocrx_word' id='word_1_89' title='bbox 1671 2838 1846 2891; x_wconf 85' lang='lat' dir='ltr'>zelum</span> <span class='ocrx_word' id='word_1_90' title='bbox 1892 2842 2190 2894; x_wconf 88' lang='lat' dir='ltr'>animarum</span> 
     </span>
     <span class='ocr_line' id='line_1_15' title="bbox 298 2924 1522 2996; baseline -0.004 -17"><span class='ocrx_word' id='word_1_91' title='bbox 298 2929 617 2996; x_wconf 86' lang='lat' dir='ltr'>augendum,</span> <span class='ocrx_word' id='word_1_92' title='bbox 642 2933 755 2979; x_wconf 75' lang='lat' dir='ltr'>tam</span> <span class='ocrx_word' id='word_1_93' title='bbox 780 2929 839 2979; x_wconf 94' lang='lat' dir='ltr'>in</span> <span class='ocrx_word' id='word_1_94' title='bbox 864 2928 999 2979; x_wconf 90' lang='lat' dir='ltr'>clero</span> <span class='ocrx_word' id='word_1_95' title='bbox 1024 2944 1185 2995; x_wconf 89' lang='lat' dir='ltr'>quam</span> <span class='ocrx_word' id='word_1_96' title='bbox 1208 2927 1267 2977; x_wconf 93' lang='lat' dir='ltr'>in</span> <span class='ocrx_word' id='word_1_97' title='bbox 1290 2924 1522 2993; x_wconf 84' lang='lat' dir='ltr'>popu103</span> 
     </span>
    </p>

    <p class='ocr_par' dir='ltr' id='par_1_7' title="bbox 296 3010 2191 3251">
     <span class='ocr_line' id='line_1_16' title="bbox 443 3010 2190 3074; baseline 0.001 -11"><span class='ocrx_word' id='word_1_98' title='bbox 443 3011 740 3063; x_wconf 72' lang='lat' dir='ltr'>Statuimus</span> <span class='ocrx_word' id='word_1_99' title='bbox 766 3017 822 3064; x_wconf 73' lang='lat' dir='ltr'>et</span> <span class='ocrx_word' id='word_1_100' title='bbox 845 3013 1188 3074; x_wconf 89' lang='lat' dir='ltr'>decernimus,</span> <span class='ocrx_word' id='word_1_101' title='bbox 1214 3012 1279 3062; x_wconf 92' lang='lat' dir='ltr'>de</span> <span class='ocrx_word' id='word_1_102' title='bbox 1316 3010 1534 3062; x_wconf 87' lang='lat' dir='ltr'>consilio</span> <span class='ocrx_word' id='word_1_103' title='bbox 1570 3012 1627 3061; x_wconf 73' lang='lat' dir='ltr'>et</span> <span class='ocrx_word' id='word_1_104' title='bbox 1661 3025 1916 3062; x_wconf 84' lang='lat' dir='ltr'>consensu</span> <span class='ocrx_word' id='word_1_105' title='bbox 1945 3011 2190 3065; x_wconf 74' lang='lat' dir='ltr'>illustris-</span> 
     </span>
     <span class='ocr_line' id='line_1_17' title="bbox 298 3095 2190 3166; baseline 0.001 -18"><span class='ocrx_word' id='word_1_106' title='bbox 298 3098 549 3149; x_wconf 87' lang='lat' dir='ltr'>simorum</span> <span class='ocrx_word' id='word_1_107' title='bbox 576 3114 636 3148; x_wconf 86' lang='lat' dir='ltr'>ac</span> <span class='ocrx_word' id='word_1_108' title='bbox 672 3097 1217 3157; x_wconf 87' lang='lat' dir='ltr'>reverendissimorum</span> <span class='ocrx_word' id='word_1_109' title='bbox 1253 3095 1368 3146; x_wconf 90' lang='lat' dir='ltr'>DD.</span> <span class='ocrx_word' id='word_1_110' title='bbox 1407 3096 1771 3163; x_wconf 87' lang='lat' dir='ltr'>episcoporum</span> <span class='ocrx_word' id='word_1_111' title='bbox 1807 3096 2049 3166; x_wconf 88' lang='lat' dir='ltr'>Angliae,</span> <span class='ocrx_word' id='word_1_112' title='bbox 2091 3099 2190 3152; x_wconf 89' lang='lat' dir='ltr'>hoo</span> 
     </span>
     <span class='ocr_line' id='line_1_18' title="bbox 296 3180 2191 3251; baseline 0.002 -18"><span class='ocrx_word' id='word_1_113' title='bbox 296 3184 411 3251; x_wconf 86' lang='lat' dir='ltr'>ipso</span> <span class='ocrx_word' id='word_1_114' title='bbox 448 3183 534 3232; x_wconf 90' lang='lat' dir='ltr'>die</span> <span class='ocrx_word' id='word_1_115' title='bbox 569 3183 661 3248; x_wconf 90' lang='lat' dir='ltr'>qui</span> <span class='ocrx_word' id='word_1_116' title='bbox 697 3187 777 3232; x_wconf 71' lang='lat' dir='ltr'>est</span> <span class='ocrx_word' id='word_1_117' title='bbox 813 3186 992 3232; x_wconf 82' lang='lat' dir='ltr'>sextus</span> <span class='ocrx_word' id='word_1_118' title='bbox 1028 3182 1221 3231; x_wconf 87' lang='lat' dir='ltr'>mensis</span> <span class='ocrx_word' id='word_1_119' title='bbox 1257 3180 1292 3232; x_wconf 88' lang='lat' dir='ltr'><strong>J</strong></span> <span class='ocrx_word' id='word_1_120' title='bbox 1295 3180 1394 3231; x_wconf 87' lang='lat' dir='ltr'>ulii</span> <span class='ocrx_word' id='word_1_121' title='bbox 1437 3180 1596 3247; x_wconf 81' lang='lat' dir='ltr'>hujus</span> <span class='ocrx_word' id='word_1_122' title='bbox 1620 3182 1747 3231; x_wconf 86' lang='lat' dir='ltr'>anni</span> <span class='ocrx_word' id='word_1_123' title='bbox 1772 3193 2054 3246; x_wconf 82' lang='lat' dir='ltr'>MDOCGLII,</span> <span class='ocrx_word' id='word_1_124' title='bbox 2078 3183 2191 3236; x_wconf 90' lang='lat' dir='ltr'>Deo</span> 
     </span>
    </p>
   </div>
   <div class='ocr_carea' id='block_1_6' title="bbox 210 3265 2190 3337">
    <p class='ocr_par' dir='ltr' id='par_1_8' title="bbox 210 3265 2190 3337">
     <span class='ocr_line' id='line_1_19' title="bbox 210 3265 2190 3337; baseline 0.002 -20"><span class='ocrx_word' id='word_1_125' title='bbox 210 3334 213 3337; x_wconf 12' lang='grc' dir='ltr'><em>Δ</em></span> <span class='ocrx_word' id='word_1_126' title='bbox 297 3267 598 3334; x_wconf 74' lang='lat' dir='ltr'>adjuvante,</span> <span class='ocrx_word' id='word_1_127' title='bbox 646 3267 864 3316; x_wconf 74' lang='lat' dir='ltr'>initium</span> <span class='ocrx_word' id='word_1_128' title='bbox 913 3265 1042 3328; x_wconf 89' lang='lat' dir='ltr'>fieri,</span> <span class='ocrx_word' id='word_1_129' title='bbox 1091 3269 1147 3316; x_wconf 70' lang='lat' dir='ltr'>eb</span> <span class='ocrx_word' id='word_1_130' title='bbox 1198 3265 1316 3332; x_wconf 89' lang='lat' dir='ltr'>jam</span> <span class='ocrx_word' id='word_1_131' title='bbox 1365 3265 1569 3315; x_wconf 72' lang='lat' dir='ltr'>factum</span> <span class='ocrx_word' id='word_1_132' title='bbox 1622 3282 1731 3316; x_wconf 86' lang='lat' dir='ltr'>esse</span> <span class='ocrx_word' id='word_1_133' title='bbox 1782 3266 1940 3334; x_wconf 86' lang='lat' dir='ltr'>hujus</span> <span class='ocrx_word' id='word_1_134' title='bbox 1990 3266 2190 3336; x_wconf 86' lang='lat' dir='ltr'>Synodi</span> 
     </span>
    </p>
   </div>
   <div class='ocr_carea' id='block_1_7' title="bbox 296 3349 2190 3843">
    <p class='ocr_par' dir='ltr' id='par_1_9' title="bbox 296 3349 2190 3843">
     <span class='ocr_line' id='line_1_20' title="bbox 297 3349 2190 3422; baseline 0.003 -21"><span class='ocrx_word' id='word_1_135' title='bbox 297 3350 630 3419; x_wconf 89' lang='lat' dir='ltr'>provincialis</span> <span class='ocrx_word' id='word_1_136' title='bbox 654 3349 895 3417; x_wconf 85' lang='lat' dir='ltr'>Angliae,</span> <span class='ocrx_word' id='word_1_137' title='bbox 920 3350 1062 3417; x_wconf 88' lang='lat' dir='ltr'>apud</span> <span class='ocrx_word' id='word_1_138' title='bbox 1087 3349 1368 3417; x_wconf 88' lang='lat' dir='ltr'>collegium</span> <span class='ocrx_word' id='word_1_139' title='bbox 1396 3349 1449 3402; x_wconf 85' lang='lat' dir='ltr'>S.</span> <span class='ocrx_word' id='word_1_140' title='bbox 1476 3350 1679 3401; x_wconf 89' lang='lat' dir='ltr'>Mariae</span> <span class='ocrx_word' id='word_1_141' title='bbox 1703 3351 1769 3402; x_wconf 89' lang='lat' dir='ltr'>de</span> <span class='ocrx_word' id='word_1_142' title='bbox 1792 3351 1995 3417; x_wconf 74' lang='lat' dir='ltr'>Oscott,</span> <span class='ocrx_word' id='word_1_143' title='bbox 2027 3371 2190 3422; x_wconf 90' lang='lat' dir='ltr'>quam</span> 
     </span>
     <span class='ocr_line' id='line_1_21' title="bbox 297 3434 2190 3505; baseline 0.003 -20"><span class='ocrx_word' id='word_1_144' title='bbox 297 3435 365 3485; x_wconf 90' lang='lat' dir='ltr'>ad</span> <span class='ocrx_word' id='word_1_145' title='bbox 390 3435 529 3484; x_wconf 89' lang='lat' dir='ltr'>hunc</span> <span class='ocrx_word' id='word_1_146' title='bbox 553 3434 696 3484; x_wconf 90' lang='lat' dir='ltr'>diem</span> <span class='ocrx_word' id='word_1_147' title='bbox 721 3437 777 3484; x_wconf 74' lang='lat' dir='ltr'>eb</span> <span class='ocrx_word' id='word_1_148' title='bbox 811 3434 987 3485; x_wconf 88' lang='lat' dir='ltr'>locum</span> <span class='ocrx_word' id='word_1_149' title='bbox 1023 3435 1423 3485; x_wconf 87' lang='lat' dir='ltr'>convocavimus</span> <span class='ocrx_word' id='word_1_150' title='bbox 1457 3439 1513 3485; x_wconf 73' lang='lat' dir='ltr'>et</span> <span class='ocrx_word' id='word_1_151' title='bbox 1536 3436 1844 3500; x_wconf 83' lang='lat' dir='ltr'>indiximuS,</span> <span class='ocrx_word' id='word_1_152' title='bbox 1869 3455 1961 3505; x_wconf 91' lang='lat' dir='ltr'>per</span> <span class='ocrx_word' id='word_1_153' title='bbox 1985 3439 2190 3492; x_wconf 76' lang='lat' dir='ltr'>lit-teras</span> 
     </span>
     <span class='ocr_line' id='line_1_22' title="bbox 297 3517 2188 3591; baseline 0.004 -23"><span class='ocrx_word' id='word_1_154' title='bbox 297 3522 500 3569; x_wconf 73' lang='lat' dir='ltr'>nostras</span> <span class='ocrx_word' id='word_1_155' title='bbox 547 3518 696 3568; x_wconf 74' lang='lat' dir='ltr'>datas</span> <span class='ocrx_word' id='word_1_156' title='bbox 742 3518 828 3569; x_wconf 90' lang='lat' dir='ltr'>die</span> <span class='ocrx_word' id='word_1_157' title='bbox 877 3518 1103 3569; x_wconf 85' lang='lat' dir='ltr'>secundo</span> <span class='ocrx_word' id='word_1_158' title='bbox 1154 3519 1349 3569; x_wconf 90' lang='lat' dir='ltr'>mensis</span> <span class='ocrx_word' id='word_1_159' title='bbox 1399 3517 1671 3569; x_wconf 89' lang='lat' dir='ltr'>Februarii</span> <span class='ocrx_word' id='word_1_160' title='bbox 1720 3522 1958 3588; x_wconf 82' lang='lat' dir='ltr'>proxime</span> <span class='ocrx_word' id='word_1_161' title='bbox 2005 3523 2188 3591; x_wconf 89' lang='lat' dir='ltr'>elapsi.</span> 
     </span>
     <span class='ocr_line' id='line_1_23' title="bbox 298 3601 2189 3675; baseline 0.004 -24"><span class='ocrx_word' id='word_1_162' title='bbox 298 3601 459 3651; x_wconf 72' lang='lat' dir='ltr'>Faxit</span> <span class='ocrx_word' id='word_1_163' title='bbox 517 3601 675 3664; x_wconf 78' lang='lat' dir='ltr'>DeuS,</span> <span class='ocrx_word' id='word_1_164' title='bbox 721 3605 786 3652; x_wconf 74' lang='lat' dir='ltr'>ut</span> <span class='ocrx_word' id='word_1_165' title='bbox 832 3602 1092 3669; x_wconf 88' lang='lat' dir='ltr'>quidquid</span> <span class='ocrx_word' id='word_1_166' title='bbox 1139 3618 1172 3652; x_wconf 88' lang='lat' dir='ltr'>a</span> <span class='ocrx_word' id='word_1_167' title='bbox 1218 3602 1368 3653; x_wconf 84' lang='lat' dir='ltr'>nobis</span> <span class='ocrx_word' id='word_1_168' title='bbox 1415 3603 1474 3653; x_wconf 91' lang='lat' dir='ltr'>in</span> <span class='ocrx_word' id='word_1_169' title='bbox 1522 3603 1620 3654; x_wconf 91' lang='lat' dir='ltr'>hoc</span> <span class='ocrx_word' id='word_1_170' title='bbox 1665 3602 1901 3656; x_wconf 88' lang='lat' dir='ltr'>Concilio</span> <span class='ocrx_word' id='word_1_171' title='bbox 1939 3611 2189 3675; x_wconf 85' lang='lat' dir='ltr'>coeptum</span> 
     </span>
     <span class='ocr_line' id='line_1_24' title="bbox 296 3685 2187 3754; baseline 0.004 -19"><span class='ocrx_word' id='word_1_172' title='bbox 296 3685 698 3752; x_wconf 69' lang='lat' dir='ltr'>absolutumque</span> <span class='ocrx_word' id='word_1_173' title='bbox 747 3686 926 3749; x_wconf 77' lang='lat' dir='ltr'>fuerit,</span> <span class='ocrx_word' id='word_1_174' title='bbox 973 3687 1040 3738; x_wconf 87' lang='lat' dir='ltr'>ad</span> <span class='ocrx_word' id='word_1_175' title='bbox 1082 3688 1248 3754; x_wconf 87' lang='lat' dir='ltr'>ipsius</span> <span class='ocrx_word' id='word_1_176' title='bbox 1295 3688 1563 3752; x_wconf 89' lang='lat' dir='ltr'>honorem,</span> <span class='ocrx_word' id='word_1_177' title='bbox 1611 3690 1678 3740; x_wconf 89' lang='lat' dir='ltr'>ad</span> <span class='ocrx_word' id='word_1_178' title='bbox 1727 3690 1994 3742; x_wconf 85' lang='lat' dir='ltr'>Ecclesiae</span> <span class='ocrx_word' id='word_1_179' title='bbox 2044 3710 2187 3743; x_wconf 89' lang='lat' dir='ltr'>com-</span> 
     </span>
     <span class='ocr_line' id='line_1_25' title="bbox 298 3769 2167 3843; baseline 0.004 -25"><span class='ocrx_word' id='word_1_180' title='bbox 298 3769 532 3837; x_wconf 80' lang='lat' dir='ltr'>modum,</span> <span class='ocrx_word' id='word_1_181' title='bbox 556 3772 611 3819; x_wconf 75' lang='lat' dir='ltr'>et</span> <span class='ocrx_word' id='word_1_182' title='bbox 635 3769 701 3819; x_wconf 87' lang='lat' dir='ltr'>ad</span> <span class='ocrx_word' id='word_1_183' title='bbox 726 3770 1020 3825; x_wconf 84' lang='lat' dir='ltr'>animarum</span> <span class='ocrx_word' id='word_1_184' title='bbox 1046 3771 1272 3823; x_wconf 84' lang='lat' dir='ltr'>salutem</span> <span class='ocrx_word' id='word_1_185' title='bbox 1296 3775 1438 3824; x_wconf 80' lang='lat' dir='ltr'>recte</span> <span class='ocrx_word' id='word_1_186' title='bbox 1462 3771 1575 3843; x_wconf 75' lang='lat' dir='ltr'>fiat,</span> <span class='ocrx_word' id='word_1_187' title='bbox 1595 3777 1650 3823; x_wconf 72' lang='lat' dir='ltr'>et</span> <span class='ocrx_word' id='word_1_188' title='bbox 1674 3774 1905 3828; x_wconf 87' lang='lat' dir='ltr'>maxime</span> <span class='ocrx_word' id='word_1_189' title='bbox 1929 3775 2167 3837; x_wconf 76' lang='lat' dir='ltr'>proficiat</span> 
     </span>
    </p>
   </div>
  </div>
 </body>
</html>
