2514 4504
629 471 882 515 coNs‘rrr.
931 456 963 487 “
983 470 1256 514 ROMANos
1301 458 1687 517 Pommmnsss'
1982 460 2103 522 349

211 628 246 656 ‘⁶
261 640 490 691 cumque
513 622 857 691 prohibentur
872 621 932 685 '';
971 622 1105 674 hanc
1131 640 1251 675 vero
1272 642 1482 677 causam
1503 632 1834 696 compertum
1859 634 1938 679 est
1964 631 2121 683 fuisse

212 709 497 772 sublatum,
523 726 689 776 quum
730 708 904 776 plures
938 708 1056 776 jam
1096 726 1258 761 annos
1298 728 1391 779 per
1434 712 1574 780 leges
1618 713 1762 764 illius
1788 716 1935 783 regni
1962 716 2121 768 liceat

211 795 471 863 religiosis
498 794 761 845 sodalibus
786 794 845 845 in
870 794 1093 863 collegia
1119 796 1274 848 coire.

354 879 718 929 Nihilominus
762 878 888 930 haec
932 880 1075 930 tanti
1119 898 1224 931 non
1266 886 1406 946 sunt,
1447 887 1509 934 ut
1554 902 1732 952 reapse
1782 887 2121 954 privilegium

211 965 460 1017 defecisse
500 966 822 1033 judicemus
933 964 1075 1016 Nam
1125 968 1366 1033 quamvis
1429 968 1747 1020 hierarchiae
1811 971 2123 1021 instauratio

212 1050 392 1113 faciat,
428 1055 491 1101 ut
526 1067 606 1101 res
643 1050 904 1100 catholica
941 1050 1085 1117 apud
1128 1051 1327 1119 Anglos
1367 1053 1434 1102 ad
1479 1070 1819 1105 communem
1862 1056 2123 1106 Ecclesiae

212 1136 548 1204 disciplinam
566 1132 951 1204 potentialiter
969 1140 1211 1186 revocata
1236 1137 1605 1205 intelligatur3
1643 1141 1815 1190 adhuc
1843 1147 2020 1192 tamen
2050 1161 2125 1193 res

213 1221 290 1272 ibi
315 1225 569 1290 geruntur
594 1221 778 1272 eodem
804 1220 908 1271 fere
946 1221 1103 1272 modo
1146 1226 1307 1289 atque
1347 1223 1403 1273 in
1438 1224 1777 1274 missionibus
1804 1227 1912 1293 geri
1941 1228 2125 1278 solent.

215 1306 252 1358 J
253 1323 462 1358 amvero
482 1323 687 1357 sacrum
714 1304 1010 1358 Consilium
1030 1306 1316 1358 christiano
1335 1309 1539 1359 nomini
1567 1312 1903 1378 propagando
1931 1312 2124 1378 pluries

215 1391 517 1455 declaravit,
571 1390 991 1443 constitutiones
1035 1390 1323 1443 Clementis
1360 1393 1518 1445 VIII.
1574 1392 1857 1458 Quoniam
1911 1409 1971 1446 lx
2025 1398 2127 1448 kal.

216 1476 250 1528 J
252 1477 352 1527 ulii
403 1488 611 1539 MD0111‚
656 1476 898 1546 Gregorii
935 1476 1053 1527 XV.
1101 1474 1246 1529 Cum
1289 1475 1435 1529 alias
1478 1490 1579 1529 XVI
1629 1478 1803 1532 kalen.
1856 1480 2126 1549 Septemb.

216 1574 478 1626 ΜΞΒΟΧΧΙΙ,
523 1561 729 1613 Urbani
771 1561 929 1612 VIII.
970 1560 1267 1614 Romanus
1292 1560 1560 1630 Pontifeoe
1583 1576 1623 1613 V
1648 1564 1822 1616 kalen.
1852 1565 2121 1634 Septemb.

216 1659 496 1711 MDOXXIV,
538 1649 777 1715 itemque
822 1645 1240 1698 Constitutiones
1292 1647 1593 1699 Innocentii
1643 1650 1714 1701 X.
1758 1667 1864 1701 non
1908 1669 2014 1702 esse
2064 1654 2129 1703 (le

216 1734 461 1785 domibus
485 1738 646 1801 atque
689 1732 934 1800 hospitiis
976 1732 1289 1784 missionum
1332 1733 1744 1804 intelligendaS.1
1841 1737 1917 1787 Ac
1943 1740 2131 1788 merito

217 1820 469 1888 quidem3
531 1835 658 1870 nam
701 1835 866 1886 quum
925 1818 1150 1869 dubium
1192 1819 1517 1887 jamdudum
1567 1820 1753 1873 fuisset
1802 1824 2131 1890 propositum

220 1904 483 1957 Clementi
508 1905 684 1968 VIII„
708 1908 891 1955 utrum
914 1903 1150 1973 religiosi
1176 1905 1276 1955 viri
1316 1906 1384 1956 ad
1426 1905 1585 1957 Indos
1613 1907 1759 1958 missi
1786 1908 1842 1958 in
1868 1908 2130 1959 culturam

218 1992 516 2042 animarum
541 1989 884 2041 existimandi
908 1992 1080 2040 essent
1098 1991 1248 2056 quasi
1265 1990 1434 2040 vitam
1452 1991 1703 2060 degentes
1720 1997 1866 2043 extra
1892 1994 2131 2044 coenobii

220 2079 386 2142 septa,
412 2072 733 2141 proindeque
759 2072 1035 2139 Episcopis
1061 2071 1267 2122 subesse
1311 2072 1624 2123 Tridentina
1650 2074 1784 2144 'blege
1801 2075 2134 2142 juberentur,

220 2161 471 2212 Pontifex
495 2159 588 2210 ille
613 2176 706 2227 per
732 2157 1184 2210 Constitutionem
1210 2155 1627 2225 Reliyiosorum
1653 2175 2133 2228 quorumcumque

220 2260 283 2298 VI
308 2247 436 2297 Idus
476 2244 788 2296 Novembris
832 2256 972 2296 MDOI
1015 2244 1309 2295 decreverat
1348 2260 1434 2294 eos
1471 2246 1838 2312 “reputandos
1865 2263 1972 2297 esse
1998 2251 2135 2296 tam-

221 2337 257 2364 “
271 2349 433 2400 quam
457 2331 725 2400 religiosos
750 2330 988 2381 viventes
1012 2330 1153 2379 intra
1186 2328 1415 2379 claustra
1434 2327 1461 2351 ''
1499 2330 1840 2396 quamobrem
1879 2335 1911 2361 ‘⁶
1932 2332 1989 2381 in
2014 2348 2136 2381 con-

224 2422 259 2450 “
277 2417 608 2469 cernentibus
633 2432 813 2467 curam
832 2416 1130 2465 animarum
1148 2413 1423 2466 Ordinario
1438 2414 1541 2465 loci
1561 2416 1765 2467 subesse
1785 2435 1797 2467 ε
1838 2416 1896 2466 in
1921 2417 2135 2484 reliquis

223 2509 258 2536 ‘⁶
275 2521 394 2555 vero
409 2520 515 2554 non
532 2501 807 2554 Ordinatio
822 2501 1044 2564 loci,sed
1061 2501 1166 2552 suis
1183 2501 1534 2569 superioribus
1550 2501 1810 2568 subjectos
1826 2502 2134 2553 remanere.’'

221 2589 408 2656 Neque
450 2588 597 2638 aliud
640 2587 804 2638 sensit
838 2587 1209 2655 judicavitque
1235 2586 1554 2638 Benedictus
1599 2588 1748 2637 XIV.
1780 2589 1837 2638 in
1864 2589 1968 2638 suis
1997 2587 2129 2639 Con-

225 2674 595 2726 stitutionibus
626 2670 897 2734 Quamvis
912 2684 951 2723 V
966 2672 1141 2723 kalen.
1161 2673 1349 2723 Martii
1370 2685 1682 2732 MDOCXLV13
1712 2670 1854 2724 Cum
1870 2690 2055 2741 «nuper
2072 2686 2130 2722 vr

225 2761 354 2811 Idus
393 2759 705 2810 Novembris
746 2770 976 2821 MDOCLI,
1019 2762 1075 2809 et
1116 2756 1260 2810 Cum
1285 2756 1431 2810 alias
1471 2771 1509 2809 V
1536 2758 1665 2809 Idus
1692 2758 1838 2808 Iunii
1865 2771 2132 2809 MDCCLIII.

226 2846 308 2896 Ex
333 2846 523 2913 quibus
549 2845 793 2896 omnibus
818 2844 1008 2912 liquet,
1033 2844 1199 2895 etiam
1225 2843 1458 2911 hospitia
1483 2862 1543 2895 ac
1585 2845 1765 2896 domos
1791 2846 2133 2911 quantumvis

227 2928 517 2978 incolarum
543 2927 816 2994 paucitate
841 2927 1198 2993 infrequentes
1224 2925 1401 2993 hujus,
1427 2927 1492 2977 de
1517 2943 1621 2993 quo
1646 2928 1842 2995 agitur,
1868 2927 2132 2993 privilegii

218 3014 339 3082 jure
363 3013 752 3081 comprehendi,
776 3012 937 3080 idque
961 3028 1066 3062 non
1092 3012 1150 3062 in
1170 3012 1297 3062 locis
1314 3012 1482 3062 solum
1502 3012 1594 3062 ubi
1620 3013 1817 3062 Vicarii
1842 3013 2133 3079 apostolici,

227 3101 506 3150 sedetiam
530 3099 623 3150 ubi
661 3097 912 3165 Episcopi
956 3103 1238 3164 praesunt3
1291 3098 1356 3148 de
1401 3097 1675 3164 Episcopis
1718 3098 1860 3147 enim
1906 3098 1960 3146 in
2003 3096 2134 3148 Con-

228 3185 614 3246 stitutionibuS,
657 3200 786 3250 quas
828 3182 1252 3245 memoravimus,
1295 3183 1566 3250 agebatur.
1655 3184 1887 3249 Apparet
1925 3183 2135 3248 insuper

226 3272 484 3322 rationem
510 3269 844 3336 potissimam
870 3268 1217 3334 exemptionis
1261 3268 1706 3318 missionariorum
1732 3268 2051 3335 regularium
2079 3269 2132 3316 in

228 3356 422 3425 Anglia
447 3372 552 3404 non
578 3371 686 3404 esse
710 3353 1086 3419 exquirendam
1112 3353 1169 3402 in
1189 3352 1396 3420 legibus
1423 3353 1683 3414 civilibuS,
1710 3369 1844 3419 quae
1872 3352 2132 3402 coenobiis

229 3440 488 3506 erigendis
527 3439 799 3497 obessent3
863 3437 949 3486 sed
1002 3437 1171 3505 magis
1221 3437 1277 3485 in
1323 3454 1383 3486 eo
1435 3437 1652 3487 salutari
1701 3455 1760 3486 ac
1811 3438 2132 3487 nobilissimo

229 3524 539 3585 ministeriO,
565 3522 707 3590 quod
731 3538 763 3572 a
786 3521 912 3572 viris
936 3521 1238 3588 apostolicis
1257 3528 1539 3573 exercetur.
1618 3522 1766 3582 Quod
1793 3538 1897 3572 non
1922 3523 2131 3572 obscure

375 3651 392 3674 ²
426 3648 469 3689 S.
493 3648 625 3701 Cong.
649 3647 699 3687 de
721 3647 846 3698 Prop.
870 3646 951 3686 fide
985 3648 1034 3686 30
1061 3645 1257 3686 Januarii
1287 3647 1415 3694 16273
1460 3647 1510 3687 27
1546 3644 1692 3685 Martii
1728 3646 1852 3690 1631;
1896 3645 1920 3684 5
1941 3644 2132 3685 Octobri.-

227 3717 324 3755 1655
345 3729 354 3764 ;
389 3717 438 3755 23
459 3713 718 3766 Septembris
742 3715 867 3761 18053
901 3714 951 3752 29
973 3711 1122 3751 Martii
1146 3714 1261 3751 1834.
