2514 4504
1109 536 1382 585 DECRETA.
2156 531 2192 594 7

976 730 1380 783 DECRETUM
1431 732 1501 782 X.

797 868 877 922 De
915 865 1248 921 Hierarchia
1286 865 1683 920 Ecclesiastioa.

429 1002 699 1071 Quidquid
739 1002 1088 1055 emolumenti
1127 1019 1190 1053 ex
1228 1002 1325 1052 hac
1366 1001 1575 1069 Synodo
1613 1001 1670 1052 in
1709 1007 1910 1053 nostras
1936 1001 2198 1052 dioeceses

284 1086 683 1139 dimanaturum
722 1088 1055 1150 confidimus,
1092 1088 1148 1138 id
1187 1087 1450 1155 imprimis
1487 1104 1519 1137 a
1562 1091 1854 1138 restaurata
1894 1085 2203 1137 Hierarchia

286 1173 638 1225 ecclesiastica
686 1179 767 1225 est
816 1173 1009 1242 procul.
1047 1173 1209 1224 dubio
1258 1173 1622 1240 repetendum.
1722 1173 1825 1223 Vix
1888 1173 2030 1223 enim
2091 1173 2205 1222 erat

285 1255 618 1321 sperandum,
680 1260 928 1307 manente
988 1254 1287 1321 antiquiore
1345 1254 1622 1323 regiminis
1684 1255 1866 1318 forma,
1915 1255 2203 1322 Episcopos

288 1338 540 1406 Synodali
566 1345 831 1393 conventu
856 1340 963 1391 fore
988 1339 1314 1402 adunandOS,
1340 1343 1397 1389 et
1422 1355 1483 1390 ea
1509 1356 1615 1407 qua
1639 1356 1734 1407 par
1760 1344 1839 1390 est
1865 1339 2201 1400 auctoritate,

286 1424 353 1475 de
394 1425 545 1477 rebus
587 1427 956 1478 ecclesiasticis
997 1426 1206 1477 decreta
1250 1425 1463 1477 laturos.
1540 1425 1777 1477 Solemni
1829 1426 1997 1494 igitur
2045 1425 2203 1475 modo

286 1507 396 1560 Deo
432 1511 669 1579 agendae
706 1515 830 1563 sunt
867 1511 1085 1580 gratiae,
1123 1510 1218 1578 qui
1254 1526 1361 1562 non
1398 1510 1528 1562 fecit
1568 1511 1747 1562 taliter
1790 1511 1937 1562 omni
1975 1509 2201 1572 nationi,

287 1596 376 1647 sed
412 1596 565 1648 nobis
603 1602 716 1648 tam
756 1597 1080 1666 praeclarum
1107 1613 1304 1648 munus
1342 1600 1398 1648 et
1433 1596 1645 1667 insigne
1671 1597 1752 1648 sui
1778 1597 1970 1648 amoris
2007 1596 2202 1665 pignus

288 1680 594 1749 impertitus
620 1687 717 1734 est.

435 1766 540 1819 Sed
588 1769 754 1819 etiam
806 1768 1151 1821 Sanctissimo
1199 1767 1430 1820 Domino
1479 1767 1578 1819 Pio
1630 1767 1814 1819 divina
1868 1767 2204 1836 providentia

289 1850 466 1920 Papae
491 1852 610 1916 IX.‚
647 1854 988 1905 devotissimo
1026 1854 1194 1906 cordis
1230 1854 1429 1905 affectu
1456 1857 1578 1904 sunt
1617 1858 1791 1923 grates
1818 1847 2246 1922 rependendae?

288 1937 438 2005 cujus
462 1938 520 1988 in
544 1954 637 1990 nos
662 1940 906 2007 propensi
933 1944 988 1991 et
1012 1940 1221 2008 paterni
1246 1940 1415 1990 animi
1441 1944 1821 2007 argumentum
1847 1940 1970 1990 inde
1995 1939 2202 2007 accepi-

290 2038 426 2086 mus,
464 2024 606 2091 quod
646 2024 713 2075 ad
746 2030 948 2076 nostras
982 2025 1210 2093 clerique
1249 2042 1426 2094 preces
1464 2026 1770 2089 inclinatus,
1808 2025 1904 2076 diu
1940 2026 2202 2092 anxieque

288 2111 550 2176 speratam
605 2108 971 2162 Hierarchiam
1032 2111 1411 2180 benignissime
1472 2111 1800 2163 concesserit.
1898 2110 2200 2178 Antequam

288 2193 456 2261 igitur
478 2193 576 2246 hoc
602 2195 888 2246 concilium
925 2195 1243 2260 absolvatur,
1268 2196 1514 2248 volumus
1538 2200 1602 2247 ut
1637 2196 1848 2248 litterae
1873 2197 1941 2247 ad
1967 2196 2203 2248 Sanctis-

288 2278 484 2331 simum
533 2279 826 2332 Dominum
875 2282 1289 2346 conscribantur,
1325 2287 1488 2351 atque
1536 2282 1605 2334 ab
1654 2283 1901 2334 omnibus
1951 2281 2201 2333 Patribus

288 2364 698 2429 subscribantur,
722 2367 781 2417 in
805 2367 999 2435 quibus
1036 2385 1173 2420 unus
1210 2363 1452 2421 omnium
1489 2373 1729 2421 nostrum
1768 2367 1948 2419 filialis
1973 2366 2198 2419 affectus

288 2454 580 2504 reverenter
617 2453 961 2521 exprimatur,
999 2458 1056 2506 et
1092 2456 1232 2524 grati
1268 2455 1434 2507 nostri
1476 2456 1644 2506 animi
1683 2455 2070 2519 testimonium,
2106 2470 2201 2523 pro

288 2535 387 2590 hoc
409 2538 718 2607 praesertim
743 2538 1016 2604 benefici0,
1042 2541 1110 2592 ad
1136 2541 1313 2610 ipsum
1339 2542 1622 2594 deferatur.

960 2717 1367 2773 DECRETUM
1427 2721 1527 2773 XI.

803 2849 885 2904 De
922 2849 1207 2922 Capitulis
1248 2852 1685 2909 Cathedralibue.

433 2989 687 3051 Quamvis
728 2989 797 3042 ab
838 2990 1144 3059 Apostolica
1186 2990 1337 3055 Sede,
1373 3008 1467 3060 per
1508 2992 1663 3044 breve
1693 2991 2076 3060 Apostolicum,
2114 2991 2199 3041 die

296 3077 360 3127 19
399 3075 710 3127 Novembris
753 3078 890 3127 1850
927 3077 1133 3140 datum,
1170 3094 1474 3129 concessum
1512 3078 1887 3147 benignissime
1919 3077 2098 3139 fuerit,
2136 3081 2200 3126 ut

291 3162 648 3230 unusquisque
686 3161 981 3231 Episcopus
1019 3161 1329 3231 Capitulum
1378 3165 1577 3233 erigere
1627 3165 1841 3225 valeret,
1870 3164 2092 3232 jamque
2140 3163 2198 3214 in

290 3264 606 3316 unaquaque
642 3248 748 3299 fere
785 3248 1028 3312 dioecesi,
1065 3250 1266 3301 virtute
1303 3251 1649 3302 concessionis
1683 3250 2004 3319 hujusmodi,
2043 3247 2199 3317 Capi-

290 3333 467 3384 tulum
515 3333 758 3403 legitime
818 3335 1174 3386 constitutum
1236 3337 1448 3400 existat,
1498 3337 1703 3405 placuit
1764 3340 1946 3386 tamen
2006 3340 2071 3385 ut
2130 3335 2197 3385 ad

288 3418 580 3486 pleniorem
616 3418 774 3486 hujus
811 3419 1170 3470 institutionis
1207 3422 1589 3489 cognitionem,
1626 3420 1714 3471 hic
1747 3424 2099 3487 apponantur,
2136 3437 2198 3471 ac

289 3505 347 3555 in
388 3508 703 3572 perpetuum
747 3520 1020 3555 mansurae
1059 3505 1373 3569 recolantur,
1417 3507 1574 3576 legeS,
1617 3524 1678 3557 ac
1718 3506 1825 3557 alia
1863 3506 1991 3556 illuc
2035 3507 2198 3573 perti—

287 3591 488 3654 nentia,
516 3590 634 3659 jam
670 3590 888 3658 quidem
913 3590 1147 3642 Decretis
1185 3591 1238 3644 S.
1267 3591 1702 3662 Congregationis
1745 3591 1811 3643 de
1851 3591 2198 3660 Propaganda

289 3675 442 3738 Fide,
458 3676 545 3727 die
565 3677 629 3726 21
659 3676 840 3743 aprilis
856 3676 983 3726 anni
1009 3678 1265 3728 currentis
1287 3680 1422 3729 1852
1450 3678 1604 3745 plene
1621 3678 1942 3746 approbata3
1970 3694 2194 3744 quorum

290 3761 616 3814 decretorum
642 3765 791 3813 tenor
815 3763 948 3812 actis
973 3761 1132 3830 hujus
1159 3762 1358 3831 Synodi
1383 3764 1695 3815 adnectetur
1733 3756 1821 3832 (¹).

435 3886 492 3939 (1)
533 3888 629 3927 Vide
646 3886 946 3940 Appendicem,
971 3887 1019 3928 11⁰
1037 3886 1092 3938 L,
1117 3887 1198 3939 ΙΙ.,
1222 3888 1329 3938 ΙΙΙ.,
1353 3888 1453 3939 1V.,
1477 3888 1547 3939 V.‚
1570 3888 1650 3940 VI,
1673 3901 1701 3941 p
1739 3891 1789 3926 50
1810 3893 1851 3926 et
1871 3903 1984 3943 seqq.
