2514 4504
347 442 430 501 28
924 453 1086 498 (1οΝ6.
1136 457 1299 499 PROV.
1346 457 1565 497 wser.
1613 451 1650 498 1.

482 606 532 656 2.
583 605 665 656 Ad
690 605 985 674 augendam
1021 603 1207 671 populi
1233 604 1568 655 devotionem
1601 620 1722 672 erga
1747 607 1953 654 sanctos
1980 602 2239 654 Patronos

338 689 655 741 dioecesium
687 694 742 740 et
774 690 1126 752 ecclesiarum,
1161 689 1567 756 supplicandum
1600 688 1701 738 erit
1738 687 1959 739 Summo
1985 687 2240 738 Pontifici

339 778 401 824 ut
423 774 646 841 benigne
671 774 923 825 concedat
945 778 1009 824 ut
1034 773 1192 825 liceat
1228 774 1415 824 horum
1452 774 1562 824 dies
1601 773 1760 824 festos
1800 773 1857 822 in
1900 772 2239 824 Dominicam

339 858 571 926 proxime
595 863 916 926 sequentem,
941 860 999 909 ni
1023 859 1255 910 rubricae
1289 859 1346 909 id
1371 863 1574 922 vetent,
1598 859 1872 909 transferre
1899 856 1988 928 (1).

483 946 531 994 3.
581 944 615 995 J
616 945 658 1012 ej
667 945 781 995 unii
814 945 954 1012 leges
991 945 1274 1014 diligenter
1311 949 1578 1012 exponant
1619 945 1927 1013 presbyteri,
1963 944 2242 1013 praecipue

337 1030 497 1081 initio
539 1029 996 1097 quadragesimae3
1034 1030 1490 1096 promiscuitatem
1533 1029 1770 1080 ciborum
1813 1028 2148 1096 prohibeant,
2185 1033 2243 1081 et

338 1119 574 1166 sanctam
614 1115 947 1165 severitatem
987 1116 1244 1167 charitate
1277 1119 1645 1183 temperatam,
1686 1115 1748 1165 in
1784 1116 2070 1167 exercenda
2099 1131 2244 1167 com-

337 1201 497 1251 missa
520 1203 782 1267 potestate
806 1199 1162 1266 dispensandi,
1187 1199 1486 1251 exhibeant.

478 1287 530 1336 4.
582 1283 716 1335 Cum
758 1283 1013 1352 obligatio
1053 1285 1283 1335 decimas
1327 1285 1564 1336 solvendi
1599 1285 1740 1336 inter
1775 1302 1869 1336 nos
1893 1302 2001 1337 non
2027 1285 2243 1351 existat,

336 1374 645 1422 moneantur
669 1369 864 1433 fideleS,
881 1386 988 1420 non
1011 1370 1208 1421 idcirco
1234 1387 1286 1421 se
1311 1370 1476 1420 eximi
1495 1370 1563 1421 ab
1581 1369 1905 1439 obligatione
1929 1371 2243 1439 providendi

316 1456 517 1508 -divino
541 1455 731 1519 cultui,
756 1472 817 1506 ac
841 1455 1091 1507 honestae
1115 1472 1376 1507 sacrorum
1400 1456 1765 1507 ministrorum
1790 1458 2186 1509 sustentationi.

480 1544 530 1593 5.
580 1541 787 1594 Fideles
835 1543 945 1610 qui,
994 1543 1062 1594 ob
1110 1542 1445 1593 devotionem
1500 1541 1583 1591 vel
1643 1541 1807 1592 aliam
1867 1558 2239 1612 quamcunque

337 1648 566 1694 causam,
590 1648 695 1682 non
721 1631 1059 1698 frequentant
1082 1629 1356 1680 ecclesiam
1389 1628 1539 1695 quasi
1575 1627 1948 1696 parochialem,
1985 1647 2079 1681 seu
2115 1631 2244 1683 mis-

337 1717 633 1780 sionariam,
653 1717 741 1767 cui
765 1717 1062 1786 assignatur
1087 1732 1266 1767 60111111
1283 1715 1635 1779 domicilium,
1654 1731 1762 1766 non
1779 1715 1901 1766 ideo
1921 1732 1973 1768 36
1991 1715 2240 1767 liberatos

336 1803 551 1853 credant
575 1802 642 1852 ab
666 1801 835 1852 officio
860 1802 1031 1869 ipsam
1056 1801 1361 1869 adjuvandi,
1388 1806 1444 1852 et
1474 1801 1587 1869 ejus
1619 1806 1851 1869 pastores
1884 1801 2234 1854 sustentandi.

337 1888 657 1949 Quinetiam·
685 1889 748 1939 de
787 1905 1076 1955 pauperum
1119 1887 1299 1937 inedia
1343 1886 1677 1950 sublevanda,
1716 1890 1772 1937 et
1797 1887 1864 1937 de
1899 1886 2238 1954 parvulorum

338 1975 664 2039 educatione,
689 1992 854 2042 aeque
879 1974 1096 2025 solliciti
1120 1990 1227 2024 esse
1252 1973 1448 2023 debent
1472 1989 1533 2022 ac
1557 1972 1600 2021 ii
1620 1972 1715 2039 qui
1739 1972 2005 2040 propriam
2043 1973 2243 2024 adeunt

339 2060 627 2112 ecclesiam.
711 2061 942 2129 Ideoque
991 2058 1334 2127 eleemosynis
1385 2058 1546 2126 juxta
1605 2057 1741 2108 vires
1801 2074 1920 2108 suos
1969 2057 2243 2126 legitimos

337 2149 566 2212 pastores
591 2147 659 2197 ad
683 2147 781 2198 hoc
806 2146 1039 2198 officium
1064 2145 1449 2208 communiant,
1475 2160 1698 2212 quorum
1724 2147 1809 2196 est
1840 2146 1907 2195 ut
1942 2143 2244 2196 sust-ineant

334 2232 541 2299 pondus
565 2232 674 2284 diei
699 2237 756 2284 et
779 2236 953 2285 aestus
977 2232 1037 2284 in
1062 2232 1218 2283 vinea
1241 2230 1463 2282 Domini
1487 2230 1725 2282 colenda.

945 2418 1348 2472 DECRETUM
1404 2416 1629 2481 XXIV.

752 2550 835 2606 Dc
879 2551 1008 2605 Vita
1043 2557 1093 2604 et
1127 2552 1425 2605 Honestate
1461 2549 1818 2606 (nmmum

483 2682 646 2736 Recte
680 2702 712 2736 a
747 2685 976 2737 Domino
1011 2687 1056 2736 ii
1093 2686 1169 2738 sal
1201 2690 1368 2737 terrae
1390 2689 1781 2753 nuncupantur,
1804 2701 2030 2753 quorum
2053 2686 2241 2738 minis-

341 2766 475 2818 terio
511 2767 734 2818 aliorum
773 2774 897 2819 sunt
932 2769 1142 2820 animae
1174 2785 1207 2819 a
1238 2769 1493 2819 vitiorum
1530 2768 1811 2836 putredine
1842 2770 2243 2833 conservandae,

342 2853 553 2919 quique,
570 2853 614 2902 si
640 2853 743 2920 ipsi
768 2854 1022 2904 infatuati
1047 2855 1261 2917 fuerint,
1283 2854 1371 2904 vix
1389 2854 1456 2904 ad
1475 2854 1746 2906 meliorem
1765 2855 1972 2923 frugem
1991 2859 2243 2922 poterunt

341 2936 611 2996 renovari;
649 2938 735 2987 sed
762 2938 938 3000 simul,
964 2928 1088 2988 cum
1125 2938 1404 2989 commisso
1430 2938 1532 2989 sibi
1567 2955 1742 3008 grege,
1778 2940 1837 2990 in
1872 2939 2023 3007 pejus
2066 2944 2240 3004 ruent,

345 3019 552 3087 eritque
576 3020 720 3073 sicut
736 3022 993 3092 populus
1018 3022 1098 3075 sic
1121 3023 1385 3076 sacerdos.
1442 3023 1579 3090 (Isa.
1599 3036 1776 3088 XXIV„
1797 3027 1828 3074 2
1841 3041 1856 3085 3
1884 3023 2024 3077 Osce.
2046 3035 2143 3088 Iv.,
2165 3023 2242 3092 9.)

346 3104 496 3164 Quod
536 3106 580 3155 si
613 3106 693 3156 ita
725 3107 897 3158 luceat
930 3111 1152 3176 pastoris
1178 3110 1269 3160 lux
1294 3115 1473 3160 'coram
1498 3110 1820 3174 hominibus,
1843 3114 1910 3162 ut
1945 3110 2247 3180 glorificent

344 3188 556 3260 Patrem
597 3191 707 3257 ejus
746 3194 838 3259 qui
877 3193 937 3243 in
976 3194 1134 3245 coelis
1173 3199 1269 3257 est,
1310 3200 1366 3245 et-
1404 3195 1635 3246 sacerdos
1659 3195 1718 3246 in
1743 3195 1989 3246 omnibus
2015 3197 2244 3264 seipsum

341 3274 585 3341 praebeat
609 3275 921 3345 exemplum
945 3276 1218 3330 bonorum
1242 3295 1492 3347 operum,
1516 3278 1585 3330 in
1618 3278 1891 3343 doctrina,
1915 3278 1985 3332 in
2007 3279 2241 3348 ’ἐπαρή-

345 3362 466 3421 tate,
493 3358 561 3410 in
594 3360 863 3426 yravitatc
887 3360 1021 3429 (Tit.
1049 3375 1129 3426 IL,
1156 3362 1233 3432 7),
1258 3365 1361 3414 ut
1346 3382 1390 3415 13
1415 3367 1509 3431 qui
1545 3382 1609 3416 ex
1646 3367 1859 3418 adverso
1883 3371 1964 3418 est
1988 3371 2242 3432 vereatur,

344 3444 483 3494 nihil
520 3445 724 3499 malum
765 3445 959 3519 habens
1004 3447 1172 3499 dicere
1216 3450 1282 3499 de
1320 3450 1489 3512 nobiS,
1531 3454 1662 3501 tunc
1695 3452 1911 3520 quidem
1940 3452 2246 3505 aedificabit

346 3527 564 3579 domum
582 3529 682 3580 Dei
697 3530 832 3580 vivis
849 3537 905 3581 et
921 3531 1100 3582 electis
1118 3533 1400 3609 lapidibuS,
1417 3538 1474 3610 et
1492 3539 1752 3587 crescente
1770 3536 2035 3588 Ecclesiae
2053 3538 2246 3601 sobole,

487 3679 544 3729 (1)
583 3679 793 3721 Sanctitas
811 3694 886 3721 sua
901 3681 1202 3733 benignissime
1220 3682 1385 3723 annuit.
1420 3683 1475 3723 V.
1491 3685 1687 3734 Rescript.
1720 3685 1769 3726 in
1782 3685 1991 3739 Append„
2005 3688 2244 3731 n⁰XV11L

347 3756 386 3795 p.
406 3744 469 3786 70.
526 3745 616 3785 Nec
644 3759 730 3786 non
772 3747 1067 3799 Indulgentiae
1107 3748 1292 3799 alias·1uc
1322 3749 1481 3801 gratias
1511 3763 1588 3802 pro
1620 3751 1805 3806 Angliae
1833 3756 1877 3796 et
1896 3750 2131 3798 Hiberniae
2159 3757 2237 3800 SS.

349 3814 544 3856 Patronis
562 3817 777 3858 concessit.
834 3819 918 3864 Ib.,
935 3822 983 3859 n⁰
1002 3819 1144 3869 XIX.,
1168 3821 1268 3861 XX.
1291 3833 1330 3872 p.
1356 3822 1418 3863 70.
1437 3824 1479 3862 et
1498 3834 1582 3874 seq.
