2514 4504
1026 511 1302 554 DECRETA.
2034 496 2115 557 23

218 659 380 710 fidem
419 660 764 711 confessiones
808 657 1074 727 generales
1122 674 1229 709 non
1269 662 1395 708 sunt
1437 659 1505 709 ad
1555 659 1870 711 diuturnum
1912 666 2125 727 tempus

218 745 620 812 protrahendae3
659 744 748 795 sed
774 743 818 794 si
847 744 974 795 satis
999 743 1248 794 instructi
1272 744 1632 808 inveniamus,
1649 751 1704 796 et
1731 746 1929 796 sincero
1956 746 2124 796 cordis

219 829 394 880 dolore
419 831 552 881 tacti
579 831 788 881 veniam
814 834 1021 898 petant,
1044 847 1162 881 eam
1187 830 1593 882 misericorditer
1630 832 1759 899 ipsis
1785 832 2126 899 impertiatur

218 913 319 965 Dei
362 915 765 967 clementissimi
814 915 1071 966 minister.
1146 914 1297 976 Quod
1347 916 1393 966 si
1429 916 1496 967 de
1533 917 1829 968 rudioribus
1867 917 2126 967 conversis

219 1001 426 1067 agatur,
473 999 614 1067 ipsos
662 998 792 1049 bene
852 996 1045 1048 instrui
1104 1002 1271 1062 curet,
1331 1001 1621 1066 antequam
1669 999 1738 1050 ad
1788 997 2128 1050 Sacramenta

219 1084 494 1136 admittat.

365 1170 468 1223 Sed
512 1172 676 1223 etiam
725 1169 1011 1222 catholicos
1059 1186 1190 1238 quos
1238 1170 1542 1240 ignorantes
1591 1170 1996 1239 deprehenderit
2044 1169 2129 1221 vel

221 1259 514 1327 suspicatus
540 1259 717 1321 fuerit,
743 1257 1028 1325 diligenter
1052 1256 1118 1307 de
1142 1257 1410 1325 mysteriis
1434 1256 1560 1309 fidei
1598 1258 1904 1327 interroget,
1943 1261 1998 1308 et
2022 1272 2129 1307 non

221 1345 325 1396 nisi
351 1346 477 1396 satis
511 1345 795 1396 instructos
832 1343 1055 1394 ulterius
1092 1342 1365 1411 procedere
1403 1344 1560 1395 sinat.
1635 1344 1911 1395 Praeterea
1948 1342 2037 1410 huj
2046 1361 2131 1393 us-

222 1431 369 1482 modi
412 1431 668 1494 homineS,
712 1434 768 1481 et
816 1446 1004 1498 pueros
1048 1428 1379 1497 praesertim,
1436 1429 1579 1497 aptis
1628 1428 2131 1499 interrogationibus

223 1516 304 1585 adj
313 1532 468 1567 uvare
520 1516 751 1579 studeat,
799 1519 864 1567 ut
920 1514 1259 1567 confessionis
1308 1514 1680 1585 integritatem
1729 1520 1784 1567 et
1834 1515 2133 1567 claritatem

223 1602 408 1654 reddat
438 1602 729 1654 certiorem.

370 1689 419 1740 6.
470 1687 744 1740 Fidelibus
786 1686 1014 1738 liberum
1057 1690 1138 1737 est
1175 1686 1341 1737 etiam
1383 1687 1441 1737 in
1479 1686 1737 1738 Paschate
1771 1688 1914 1756 apud
1951 1704 2133 1755 quem-

225 1774 358 1826 libet
382 1774 743 1843 presbyterum
767 1790 831 1824 ex
855 1773 1158 1841 approbatis
1183 1777 1403 1842 peccata
1428 1773 1686 1838 confiteri,
1705 1792 1876 1842 neque
1895 1792 2132 1842 unquam

226 1860 500 1928 rejiciendi
525 1865 650 1912 sunt
675 1860 742 1911 ab
766 1859 860 1911 illo
885 1876 1045 1927 quem
1070 1860 1359 1911 maluerint
1396 1860 1681 1923 sacerdote,
1719 1862 1817 1911 hoc
1854 1865 2134 1928 praetextu

226 1947 367 2015 quod
402 1947 470 1998 ad
506 1947 667 1998 aliam
703 1947 1007 2014 pertineant
1044 1945 1526 2015 congregationem.
1610 1946 1722 1998 Nec
1761 1947 1996 1998 sacerdos
2040 1946 2135 2014 qui

226 2034 521 2083 animarum
546 2050 725 2084 curam
749 2033 890 2101 gerit
920 2032 1125 2083 obicem
1150 2035 1334 2099 ponat,
1359 2031 1443 2082 vel
1468 2032 1725 2083 deterrere
1750 2037 2070 2101 praesumat,
2092 2032 2136 2083 si

226 2119 346 2186 quis
369 2119 437 2170 ad
462 2118 628 2170 alium
653 2119 896 2171 convolet
915 2119 1265 2170 sacerdotem:
1306 2119 1396 2170 sed
1422 2119 1601 2186 potius
1628 2119 1859 2188 gaudeat
1878 2119 1941 2170 de
1963 2119 2135 2170 salute

226 2205 355 2269 ovis,
379 2204 622 2273 quamvis
647 2205 714 2256 ab
737 2205 956 2256 alterius
981 2204 1206 2273 pastoris
1231 2204 1299 2256 ab
1324 2205 1489 2256 exitio
1515 2210 1726 2273 ereptae
1751 2222 1931 2256 manu,

370 2289 419 2343 7.
471 2289 706 2343 Caveant
748 2292 1038 2343 sacerdotes
1076 2308 1142 2342 ne
1180 2290 1589 2342 retributionem
1638 2291 1874 2358 aliquam
1924 2295 2137 2360 propter

225 2376 600 2429 confessionem
625 2393 656 2427 a
680 2377 1080 2445 poenitentibus
1104 2377 1390 2444 accipiant.

369 2464 419 2514 8.
471 2461 592 2514 Sint
629 2462 689 2513 in
723 2480 1039 2531 unaquaque
1074 2462 1295 2514 ecclesia
1338 2463 1450 2514 dies
1494 2465 1551 2514 et
1593 2461 1748 2514 horae
1792 2481 1887 2532 pro
1936 2464 2137 2518 confes-

225 2548 460 2601 sionibus
484 2549 809 2618 excipiendis
834 2549 1160 2620 designatae,
1186 2553 1242 2600 et
1266 2552 1510 2601 accurate
1535 2548 1889 2602 observentur.

885 2756 1290 2811 DECRETUM
1352 2759 1477 2811 XX.

593 2891 676 2945 De
717 2891 1075 2948 Sacramento
1113 2893 1405 2946 Extremae
1452 2890 1761 2947 Uno-tionis.

366 3027 566 3097 Magno
627 3028 798 3095 pretio
846 3027 1088 3079 habenda
1137 3033 1218 3079 est
1266 3029 1425 3097 hujus
1475 3029 1789 3080 sacramenti
1843 3028 2135 3092 instituti0,

224 3130 349 3182 qu0,
372 3115 431 3164 in
456 3118 692 3166 extremo
716 3130 840 3166 cum
865 3113 1052 3167 salutis
1075 3113 1229 3168 hoste
1253 3115 1560 3180 certamine,
1575 3115 1644 3167 ad
1668 3116 1945 3167 victoriam
1965 3116 2136 3178 uncti,

224 3200 541 3251 roboramur.

370 3287 419 3335 1.
469 3284 819 3346 Quamobrem
844 3289 1030 3338 caveat
1055 3286 1309 3351 sacerdOS,
1332 3303 1398 3338 ne
1423 3288 1543 3354 quis
1576 3286 1817 3338 fidelium
1855 3286 1955 3338 sibi
1992 3303 2136 3337 com-

223 3372 502 3423 missorum
541 3370 626 3423 vel
668 3373 878 3440 propria
920 3372 1143 3436 incuria,
1194 3373 1279 3424 vel
1330 3390 1393 3424 ex
1434 3374 1645 3425 defectu
1687 3390 1808 3424 suae
1858 3373 2133 3439 pastoralis

222 3454 554 3523 vigilantiae,
593 3454 790 3521 absque
833 3455 931 3506 hac
971 3455 1191 3507 salutari
1233 3456 1499 3507 medicina
1542 3461 1656 3506 tam
1706 3456 1932 3522 corporis
1972 3472 2134 3522 quam

224 3539 433 3590 animae
458 3556 486 3590 e
511 3538 625 3589 vita
651 3539 905 3591 discedat.

332 3627 382 3675 2.
433 3624 691 3675 Hortetur
733 3626 903 3694 igitur
939 3624 1120 3677 fideles
1156 3629 1221 3676 ut
1257 3642 1364 3676 non
1401 3626 1468 3676 ad
1507 3629 1796 3676 extremum
1828 3626 1971 3675 vitae
1996 3642 2134 3692 pun-

224 3713 392 3773 ctum,
441 3727 564 3761 cum
601 3710 720 3778 jam
765 3728 943 3763 sensus
986 3711 1206 3763 deficere
1256 3712 1541 3779 coeperint,
1591 3711 1750 3778 hujus
1802 3710 2133 3761 saluberrimi

225 3796 538 3846 sacramenti
562 3797 916 3863 receptionem
941 3798 1239 3860 remittant,
1275 3797 1363 3848 sed
1401 3801 1464 3846 ut
1500 3797 1696 3863 potiuS,
1737 3797 2131 3864 ingravescente

224 3881 422 3943 morb0,
438 3881 623 3932 statim
642 3899 703 3933 ac
724 3882 920 3934 fuerint
945 3884 1001 3933 in
1028 3883 1261 3951 periculo
1286 3882 1586 3944 constituti,
1603 3886 1791 3932 vocent
1806 3881 2131 3949 presbyteros
