2514 4504
590 458 836 503 mmm).
884 458 946 501 11.
1032 457 1319 504 sumnus
1359 456 1654 503 monim.
1947 440 2070 508 277

1021 705 1047 769 ς
1069 705 1228 758 v111.

584 866 817 921 Errores
840 863 907 919 de
929 862 1300 919 Matr‘e'fmonio
1329 863 1666 919 Christiano.

308 1027 476 1080 LXV.
513 1026 677 1079 Nulla
700 1026 905 1079 ratione
930 1025 1050 1077 ferri
1082 1027 1278 1093 potest,
1318 1021 1589 1077 Christum
1627 1023 1857 1077 evexisse
1894 1024 2081 1076 matri-

165 1110 405 1163 monium
429 1110 498 1162 ad
522 1110 847 1180 dignitatem
873 1108 1205 1161 sacramenti.

423 1215 531 1257 Litt.
552 1215 703 1268 Apost.
725 1215 799 1255 Aa
814 1214 1047 1266 apostolicae
1066 1215 1119 1254 22
1136 1211 1341 1266 Augusti,
1366 1212 1484 1254 1851.

309 1321 505 1373 LXVI.
542 1320 880 1373 Matrimonii
922 1323 1311 1373 sacramentum
1351 1336 1460 1372 non
1500 1324 1579 1373 est
1627 1321 1732 1373 nisi
1780 1322 1911 1390 quid
1959 1339 2082 1374 con-

103 1439 114 1447 ·
166 1405 363 1455 tractui
396 1404 739 1456 accessorium
771 1404 840 1456 ab
869 1421 1035 1472 eoque
1059 1403 1365 1472 separabile,
1389 1405 1670 1474 ipsumque
1694 1411 2081 1459 sacramentum

166 1490 224 1542 in
246 1507 355 1543 una
378 1494 594 1543 tantum
619 1490 853 1559 nuptiali
878 1490 1249 1543 benedictione
1274 1491 1442 1542 situm
1466 1496 1564 1544 est.

423 1596 531 1637 Litt.
551 1596 701 1649 Apost.
717 1596 792 1637 Ad
808 1597 1041 1646 apostolicas
1058 1598 1112 1637 22
1129 1595 1331 1649 Augusti,
1358 1597 1476 1637 1851.

307 1706 539 1784 LXVII.
576 1706 614 1759 J
614 1724 708 1759 ure
743 1710 966 1758 naturae
1001 1706 1335 1758 matrimonii
1373 1707 1647 1759 vinculum
1681 1725 1787 1759 non
1813 1713 1894 1760 est
1918 1709 2082 1761 indis-

163 1789 404 1853 solubile,
440 1793 496 1841 et
532 1789 591 1840 in
628 1789 787 1841 variis
824 1790 1033 1841 casibus
1069 1790 1360 1841 divortium
1397 1791 1606 1859 proprie
1648 1791 1856 1845 dictum
1899 1797 2082 1845 aucto-

163 1875 324 1927 ritate
349 1874 496 1926 civili
522 1875 712 1926 sanciri
737 1878 932 1944 potest.

419 1979 528 2021 Litt.
548 1979 699 2033 Apost.
721 1980 797 2020 Ad
813 1981 1046 2030 apostolieae
1065 1981 1117 2021 22
1134 1979 1340 2033 Augusti,
1366 1982 1483 2024 1851.

420 2047 559 2088 Alloc.
581 2047 891 2088 Acerbissimwm
911 2047 961 2091 27
981 2046 1255 2101 Septembris,
1283 2050 1400 2090 1852.

306 2157 565 2211 LXVIII.
604 2156 840 2209 Ecclesia
903 2172 1012 2209 non
1078 2157 1242 2209 habet
1307 2162 1629 2227 potestatem
1694 2160 2082 2229 impedimenta

161 2244 563 2295 matrimonium
588 2243 895 2295 dirimentia
918 2243 1228 2307 inducendi,
1254 2244 1345 2295 sed
1368 2260 1431 2295 ea
1454 2248 1690 2312 potestas
1714 2247 1863 2298 civili
1899 2252 2081 2300 aucto-

160 2330 311 2382 ritati
335 2331 615 2398 competit,
639 2347 671 2381 a
695 2347 802 2398 qua
825 2330 1215 2399 impedimenta
1240 2330 1526 2382 existentia
1550 2330 1787 2383 tollenda
1811 2337 1953 2385 sunt.

419 2433 526 2475 Litt.
547 2433 699 2487 Apost.
720 2434 970 2484 Multiplices
991 2434 1098 2474 inter
1118 2435 1167 2473 10
1186 2432 1325 2484 «Iunii,
1352 2433 1470 2474 1851.

305 2544 509 2595 LXIX.
547 2543 786 2596 Ecclesia
834 2543 1162 2612 sequioribus
1211 2544 1433 2596 saeculis
1486 2544 1796 2598 dirimentis.
1852 2549 2082 2616 impedi-

161 2637 344 2685 menta
378 2633 627 2685 inducere
662 2633 858 2701 coepit,
891 2648 998 2683 non
1025 2632 1148 2701 jure
1176 2632 1406 2701 proprio,
1430 2633 1522 2684 sed
1546 2632 1641 2684 illo
1656 2634 1778 2703 jure
1802 2651 1915 2700 usa,
1939 2637 2079 2704 quod

160 2735 194 2770 a
216 2719 365 2771 civili
390 2721 655 2788 potestate
679 2722 930 2770 mutuata
954 2721 1086 2770 erat.

422 2821 530 2863 Litt.
547 2820 697 2875 Apost.
718 2821 794 2863 Aa
808 2822 1041 2873 apostolicae
1059 2823 1111 2863 22
1128 2820 1331 2874 Augusti,
1355 2822 1474 2864 1851.

304 2930 476 2984 LXX.
514 2931 815 2983 Tridentini
852 2948 1094 2995 canones,
1129 2933 1225 2999 qui
1260 2932 1620 2985 anathematis
1658 2950 1930 2986 censuram
1969 2936 2078 2988 illis

160 3016 412 3080 inferunt,
468 3017 564 3085 qui
620 3017 934 3069 facultatem
990 3018 1380 3086 impedimenta
1436 3018 1743 3071 dirimentia
1791 3021 2077 3073 inducendi

165 3103 432 3154 Ecclesiae
468 3119 661 3173 negare
696 3103 947 3167 audeant,
982 3103 1068 3155 vel
1104 3120 1212 3156 non
1250 3108 1376 3156 sunt
1410 3105 1704 3174 dogmatici
1746 3106 1831 3158 vel
1872 3106 1939 3159 de
1981 3107 2079 3159 hac

161 3192 410 3244 mutuata
434 3193 697 3257 potestate
722 3189 1064 3259 intelligendi
1090 3194 1231 3241 sunt.

419 3293 527 3336 Litt.
547 3293 698 3348 Apost.
719 3295 795 3335 Aa
810 3296 1043 3346 apostolicae
1062 3297 1113 3346 22
1132 3295 1333 3348 Augusti,
1360 3297 1477 3337 1851.

305 3402 508 3454 LXXI.
545 3402 848 3454 Tridentini
874 3403 1042 3455 forma
1066 3403 1165 3454 sub
1189 3402 1517 3454 infirmitatis
1541 3420 1710 3471 poena
1733 3420 1839 3455 non
1858 3404 2078 3472 obligat,

160 3488 255 3540 ubi
278 3488 363 3541 lex
387 3488 561 3539 civilis
585 3488 748 3539 aliam
774 3488 996 3539 formam
1020 3488 1357 3556 praestituat,
1384 3491 1440 3539 et
1471 3487 1601 3538 velit
1626 3488 1724 3539 hac
1750 3505 1887 3540 nova
1912 3490 2078 3541 forma

162 3572 544 3626 interveniente
569 3573 971 3624 matrimonium
996 3573 1184 3625 valere.

421 3675 528 3723 Litt.
551 3675 701 3735 Apost.
724 3675 797 3715 Aa
813 3677 1045 3732 apostolicae
1063 3678 1115 3717 22
1134 3676 1336 3734 Augusti,
1360 3677 1478 3720 1851.
