2514 4504
936 505 1181 551 mam).
1228 506 1266 549 1.
1919 491 2039 550 125

287 653 338 705 6.
387 653 473 705 An
515 652 808 723 Episcopus
850 652 1045 705 habeat
1092 652 1373 704 facultates
1416 652 1667 721 speciales
1715 669 1748 705 a
1797 652 1851 706 S.
1897 652 2049 716 Sede,

143 742 200 789 et
227 753 374 804 quas.

288 819 338 873 7.
387 822 471 873 An
496 822 688 874 habeat
711 822 914 875 reditus
937 822 1188 891 proprios,
1212 826 1344 890 quot
1369 827 1425 874 et
1449 823 1507 873 in
1532 839 1636 891 quo
1670 823 1978 874 consistant.

287 909 336 958 8.
388 906 779 959 Enumerentur
793 908 907 959 loca
926 907 1193 971 dioecesis,
1209 911 1266 958 et
1281 925 1461 959 eorum
1476 909 1765 976 respective
1779 908 2052 959 distantia.

287 993 338 1042 9.
390 990 610 1052 Quando
625 992 863 1044 visitatio
878 992 1129 1044 dioecesis
1145 992 1306 1044 fuerit
1325 997 1557 1061 peracta,
1572 1010 1705 1045 num
1723 993 1792 1045 ad
1811 993 2054 1045 tramites

143 1078 447 1146 praescript.
479 1079 867 1129 canonicarum.

292 1164 376 1214 10.
427 1162 647 1223 Quando
698 1163 1038 1231 provincialis
1096 1179 1160 1216 ac
1221 1163 1527 1216 dioecesana
1589 1163 1792 1234 Synodi
1854 1165 2056 1217 fuerint

145 1247 376 1299 habitae.

293 1334 375 1383 11.
425 1332 510 1383 An
533 1349 627 1400 pro
653 1332 901 1384 exercitio
917 1332 1309 1401 jurisdictionis
1332 1332 1515 1402 aliqua
1538 1334 1796 1387 inferatur
1813 1336 2059 1388 molestia

145 1417 215 1470 ab
236 1417 514 1486 Episcopis
536 1418 800 1469 finitimis.

294 1505 377 1554 12.
426 1503 512 1554 An
535 1502 728 1554 habeat
755 1502 1085 1571 Capitulum,
1111 1509 1167 1556 et
1190 1522 1254 1556 ex
1278 1508 1410 1572 quot
1435 1504 1704 1557 canonicis
1727 1509 1949 1558 constet.

296 1589 377 1640 13.
428 1588 514 1638 An
539 1589 717 1639 adsint
741 1589 1085 1656 praebendae,
1111 1593 1167 1641 et
1197 1607 1349 1658 quae.

295 1673 379 1723 14.
430 1672 594 1733 Quale
631 1675 908 1725 servitium
945 1678 1214 1742 praestent
1250 1676 1491 1726 canonici
1528 1675 1854 1729 cathedrali:
1899 1680 1956 1728 et
1990 1691 2060 1727 an

149 1757 313 1808 etiam
339 1756 631 1826 fungantur
653 1775 870 1809 munere
894 1758 1108 1826 parochi
1132 1760 1190 1810 in
1215 1760 1345 1811 locis
1370 1761 1638 1813 dioecesi&

301 1843 382 1892 15.
433 1842 518 1891 An
541 1842 806 1893 resideant
831 1843 973 1893 intra
998 1842 1130 1894 fines
1155 1844 1448 1911 parochiae.

299 1926 380 1977 16.
431 1926 516 1975 An
542 1943 596 1977 se
621 1926 960 1978 immisceant
984 1928 1041 1978 in
1081 1929 1341 1996 regimine
1367 1929 1655 1994 Ecclesiae,
1679 1934 1736 1982 et
1758 1930 2063 2000 impediant

153 2010 373 2061 liberam
390 2010 821 2078 jurisdictionem
847 2012 1117 2080 Episcopi.

300 2093 382 2147 17.
431 2095 516 2145 An
552 2095 745 2147 habeat
783 2097 1144 2161 seminarium,
1177 2102 1235 2149 et
1274 2098 1399 2150 ubi:
1438 2103 1572 2167 quot
1600 2099 1824 2168 juvenes
1860 2100 2063 2151 ibidem

154 2179 380 2243 alantur,
405 2184 460 2230 et
484 2180 677 2247 quibus
702 2181 893 2232 studiis
918 2187 1124 2233 vacent.

302 2266 385 2315 18.
435 2262 582 2314 Num
622 2262 847 2316 Concilii
884 2265 1186 2318 Tridentini
1224 2267 1437 2338 regulae
1476 2268 1615 2320 circa
1649 2270 1929 2322 seminaria
1963 2286 2067 2321 ser-

155 2354 360 2401 ventur.

303 2437 384 2486 19.
433 2434 519 2485 An
543 2434 621 2486 ibi
644 2434 823 2487 adsint
847 2436 1081 2504 parochi,
1106 2438 1192 2489 vel
1229 2440 1605 2492 tantummodo
1636 2440 1903 2508 simplices
1939 2441 2069 2492 mis-

158 2521 386 2572 sionarii.

299 2609 384 2657 20.
434 2606 519 2658 An
542 2606 757 2675 parochi
783 2608 891 2659 sint
914 2609 1176 2676 perpetui,
1202 2609 1285 2660 vel
1321 2609 1390 2661 ad
1426 2614 1621 2661 nutum
1659 2610 1987 2675 amovibileS,
2011 2614 2069 2662 et

156 2708 225 2743 an
249 2691 470 2743 Missam
497 2692 762 2746 celebrent
787 2693 935 2744 festis
961 2693 1145 2744 diebus
1170 2711 1264 2761 pro
1288 2695 1502 2762 populo.

301 2774 387 2824 21.
436 2773 521 2824 An
545 2774 812 2843 eligantur
835 2774 902 2825 ab
927 2775 1208 2843 Episcop0.
1279 2769 1289 2784 ⁹

300 2859 385 2908 22.
437 2857 579 2918 Quot
621 2857 731 2909 sint
772 2857 1079 2925 parochiae:
1132 2875 1201 2909 an
1241 2859 1299 2910 in
1340 2860 1416 2911 eis
1457 2865 1689 2912 servetur
1726 2861 2068 2926 Sacrosancta

161 2941 511 3006 Eucharistia,
538 2946 593 2993 et
618 2960 741 2993 cum
766 2960 872 3011 qua
897 2944 1159 2995 decentia.

303 3029 389 3077 23.
439 3027 524 3077 An
548 3026 779 3079 habeant
797 3027 928 3079 fines
948 3032 1133 3091 certOS,
1153 3033 1209 3079 et
1227 3030 1494 3096 propriam
1519 3031 1823 3082 ecclesiam:
1863 3036 1920 3083 et
1938 3037 2071 3100 quot

159 3111 390 3178 capellae
414 3111 757 3163 inveniantur
780 3112 839 3162 in
866 3113 1114 3163 districtu
1138 3114 1554 3182 uniuscujusque
1580 3115 1873 3182 parochiae.

304 3198 389 3246 24.
438 3196 524 3246 An
560 3196 770 3263 aliquae
802 3197 1081 3264 parochiae
1123 3200 1233 3250 sint
1275 3200 1521 3251 addictae
1557 3202 1828 3254 ordinibus
1864 3202 2071 3270 regula-

160 3280 320 3342 ribu8,
345 3284 401 3331 et
425 3281 636 3349 quibus.

305 3367 390 3416 25.
441 3366 525 3416 An
569 3365 784 3434 parochi
820 3366 1053 3419 habeant
1089 3369 1399 3432 sacerdoteS,
1445 3370 1540 3438 qui
1582 3387 1669 3422 eos
1703 3371 1803 3447 ⁸adj
1811 3375 1976 3423 uvent
2010 3371 2069 3423 in

162 3463 283 3496 cura
308 3463 622 3499 ammarum.

306 3532 391 3584 26.
439 3533 783 3600 Exprimatur
818 3550 1083 3598 numeruS,
1108 3538 1165 3586 et
1188 3535 1419 3602 qualitas
1458 3534 1853 3587 catholicorum
1877 3536 1937 3587 in
1962 3537 2069 3588 sin-

165 3617 304 3686 gulis
329 3617 623 3684 quibusque
649 3617 777 3668 locis
802 3618 1133 3687 degentium.

309 3701 395 3753 27.
445 3701 530 3751 An
556 3701 665 3751 sint
703 3704 760 3752 et
797 3718 904 3770 quo
942 3718 1161 3754 numero
1201 3702 1406 3754 scholae
1443 3702 1736 3754 catholicae
1772 3706 1829 3754 et
1859 3707 1990 3771 quot
2014 3704 2070 3754 in

168 3785 235 3838 iis
271 3786 640 3838 instituantur.
