2514 4504
418 359 542 413 266
976 371 1137 413 cONC.
1185 373 1351 414 PRov.
1397 373 1616 414 wsser.
1664 375 1743 414 1v.

680 560 692 572 .
769 522 1126 589 unusquisque
1159 526 1269 572 oret
1301 522 1475 572 Deum
1509 540 1614 574 non
1639 541 1732 590 pro
1759 541 1811 574 se
1836 528 2069 586 tantum,
2096 526 2185 575 sed
2217 542 2310 592 pro

411 606 656 656 omnibus
694 606 959 668 fratribus,
986 605 1126 656 sicut
1162 605 1424 657 Dominus
1450 623 1592 658 orare
1616 625 1709 658 nos
1734 607 1992 658 docuit.’'l
2053 608 2166 668 Quo
2192 626 2310 660 vero

410 690 618 741 facilius
652 690 793 741 Deus
835 690 1042 741 Nostris
1084 690 1404 758 Vestrisque,
1431 696 1486 742 et
1511 693 1750 742 omnium
1794 692 2032 743 fidelium
2075 694 2311 760 precibus

409 776 647 842 votisque
690 779 909 838 annuat,
951 792 1074 825 cum
1119 776 1264 825 omni
1307 774 1504 826 fiducia
1546 777 1954 844 deprecatricem
1991 779 2132 845 apud
2170 778 2311 828 Eum

409 860 753 913 adhibeamus
778 861 1189 911 Immaculatam
1214 862 1706 929 sanctissimamque
1731 862 2014 930 Deiparam
2037 864 2312 932 Virginem

409 946 655 1010 Mariam,
689 963 824 1014 quae
866 951 1084 997 cunctas
1123 946 1356 998 haereses
1400 947 1673 997 interemit
1716 948 1773 997 in
1813 949 2053 999 universo
2095 949 2311 1011 mund0‚

408 1049 647 1101 quaeque
690 1033 931 1083 omnium
973 1036 1211 1084 nostrum
1248 1033 1614 1084 amantissima
1637 1034 1814 1083 Mater
1852 1037 2010 1084 “tota
2035 1034 2208 1085 suavis
2233 1038 2314 1084 est

567 1156 579 1169 .
641 1135 702 1169 ac
726 1118 884 1185 plena
908 1118 1311 1182 misericordiae,
1359 1157 1372 1168 .
1432 1156 1445 1168 .
1505 1156 1518 1168 .
1576 1118 1820 1169 omnibus
1846 1135 1952 1169 sese
1979 1119 2313 1182 exorabilem,

410 1203 653 1254 omnibus
692 1202 1161 1254 clementissimam
1199 1203 1432 1270 praebet,
1458 1203 1701 1253 omnium
1736 1203 2074 1253 necessitates
2097 1203 2315 1271 amplis-

410 1289 544 1340 simo
571 1288 801 1355 quodam
833 1288 1113 1338 miseratur
1149 1287 1422 1351 affectu,'’²
1467 1292 1631 1355 atque
1654 1292 1844 1355 utpote
1870 1287 2076 1357 Regina
2101 1289 2314 1339 adstans

408 1391 441 1425 a
465 1374 662 1425 dextris
706 1373 993 1443 Unigeniti
1036 1373 1167 1423 Filii
1211 1372 1308 1424 Sui
1351 1372 1572 1423 Domini
1614 1372 1796 1424 Nostri
1839 1373 1873 1424 J
1876 1390 1967 1424 esu
2012 1372 2207 1424 Christi
2254 1375 2314 1424 in

410 1461 610 1512 vestitu
646 1461 896 1511 deaurato
936 1459 1336 1510 circumamicta
1377 1459 1652 1521 varietate,
1676 1457 1813 1509 nihil
1857 1463 1954 1522 est,
1978 1461 2119 1526 quod
2143 1459 2211 1510 ab
2233 1459 2314 1510 Eo

408 1547 691 1614 impetrare
732 1563 840 1598 non
887 1545 1078 1596 valeat.
1155 1544 1419 1614 Suffragia
1458 1561 1667 1612 quoque
1715 1549 1960 1612 petamus
2010 1545 2314 1596 Beatissimi

408 1631 556 1682 Petri
581 1631 952 1699 Apostolorum
977 1630 1257 1697 Principis,
1283 1634 1338 1680 et
1365 1628 1688 1697 Co-apostoli
1714 1630 1758 1697 ej
1766 1648 1826 1681 115
1852 1630 2024 1694 Pauli,
2050 1629 2315 1681 omnium-

407 1735 512 1785 que
537 1717 852 1769 Sanctorum
892 1715 1177 1778 Caelitum,
1202 1717 1296 1783 qui
1336 1716 1466 1766 facti
1500 1715 1619 1782 jam
1644 1716 1805 1766 amici
1844 1715 1943 1766 Dei
1967 1720 2314 1783 pervenerunt

407 1804 476 1854 ad
500 1803 747 1854 caelestia
770 1819 949 1871 regna,
973 1806 1029 1852 et
1054 1801 1288 1852 coronati
1332 1801 1601 1868 possident
1643 1801 1896 1868 palmam,
1921 1818 1983 1852 ac
2007 1802 2072 1852 de
2097 1818 2190 1853 sua
2212 1803 2314 1852 im-

407 1889 738 1940 mortalitate
764 1888 947 1950 securi,
973 1887 1038 1938 de
1063 1890 1241 1937 nostra
1267 1891 1392 1937 sunt
1419 1887 1588 1938 salute
1614 1887 1847 1938 solliciti.

550 1973 794 2040 Denique
819 1973 1127 2024 caelestium
1160 1974 1400 2022 omnium
1438 1973 1694 2024 donorum
1719 1973 1926 2040 copiam
1951 1972 2114 2025 Vobis
2137 1991 2170 2024 a
2201 1973 2314 2026 Deo

407 2077 472 2111 ex
495 2061 675 2110 animo
700 2059 1059 2127 adprecantes‚
1085 2058 1367 2127 singularis
1401 2058 1623 2109 Nostrae
1646 2059 1705 2108 in
1729 2059 1833 2110 Vos
1858 2059 2096 2110 caritatis
2119 2060 2313 2128 pignus

407 2145 769 2213 Apostolicam
809 2144 1243 2197 Benedictionem
1285 2161 1350 2194 ex
1388 2145 1582 2195 intimo
1625 2145 1778 2195 corde
1819 2145 2110 2211 profectam
2151 2145 2312 2196 Vobis

407 2228 553 2294 ipsiS‚
578 2227 913 2278 Venerabiles
938 2226 1163 2288 FratreS,
1183 2226 1491 2293 cunctisque
1518 2224 1748 2289 Clericis,
1768 2226 2046 2293 Laicisque
2069 2226 2310 2279 fidelibus

407 2329 561 2363 curae
585 2315 787 2363 vestrae
813 2312 1104 2362 commissis
1128 2315 1462 2378 peramanter
1486 2311 1837 2378 impertimus

551 2397 755 2448 Datum
793 2397 992 2448 Romae
1031 2396 1174 2465 apud
1201 2395 1254 2447 S.
1293 2396 1512 2447 Petrum
1538 2397 1626 2447 die
1651 2396 1809 2448 VIII.
1847 2397 2151 2448 Decembris
2175 2414 2311 2449 anno

412 2483 569 2546 1864,
609 2483 815 2533 decimo
855 2499 887 2533 a
927 2481 1247 2552 Dogmatica
1285 2481 1611 2532 Definitione
1654 2482 2036 2532 Immaculatae
2081 2481 2310 2551 Concep-

410 2569 572 2620 tionis
595 2568 850 2636 Deiparae
874 2567 1112 2637 Virginis
1135 2567 1350 2617 Mariae.

553 2653 906 2704 Pontificatus
931 2652 1114 2704 Nostri
1138 2651 1291 2702 Anno
1317 2651 1524 2702 decimo
1548 2668 1702 2702 nono,

1796 2755 1966 2809 PIUS
2013 2756 2122 2809 PP.
2173 2757 2275 2810 IX.

1083 3476 1100 3499 ¹
1121 3476 1161 3518 S.
1194 3475 1394 3529 Cyprian.
1422 3476 1558 3528 Epist.
1589 3477 1653 3516 Π.

463 3543 480 3566 ²
496 3543 538 3583 S.
556 3543 758 3584 Bernard.
782 3543 914 3585 Serm-
935 3542 986 3584 de
1005 3542 1223 3584 duodecim
1241 3543 1545 3595 praerogativis
1563 3544 1614 3583 B.
1638 3545 1692 3584 V.
1716 3545 1777 3584 M.
1801 3558 1852 3585 ex
1870 3544 2010 3586 verbis
2026 3544 2258 3597 Apocalyp.
