2514 4504
1007 478 1256 521 APPEND.
1303 480 1341 520 1.
1989 460 2108 523 117

208 625 381 678 Deum
401 627 578 694 ipsum
596 643 691 694 pro
714 626 918 676 ratione
937 629 1140 700 creatae
1158 628 1397 686 naturae,
1417 638 1579 690 quam
1605 621 1845 688 proxime
1872 622 2119 673 accedens

207 709 469 771 omnibuS,
509 726 614 775 qua
652 708 918 769 humaniS,
942 722 1047 773 qua
1071 705 1325 774 angelicis
1350 704 1641 771 praeconiis
1667 703 1851 753 celsior
1880 704 2118 755 evaserit.

208 792 385 860 Atque
418 794 613 843 idcirco
650 793 717 844 ad
756 791 1066 861 originalem
1102 789 1202 840 Dei
1241 788 1529 839 Genitricis
1566 787 1943 848 innocentiam,
1961 787 2123 853 justi-

210 878 448 943 tiamque
487 876 879 937 vindicandam,
905 890 1011 924 non
1051 889 1169 924 eam
1206 872 1363 922 modo
1400 888 1523 921 cum
1562 870 1677 921 Eva
1701 870 1873 921 adhuc
1902 870 2123 938 virgine,

209 960 381 1012 adhuc
418 962 716 1022 innocente,
742 959 914 1010 adhuc
954 958 1276 1022 incorrupta,
1301 961 1356 1005 et
1396 955 1633 1006 nondum
1670 954 1955 1006 mortiferis
1982 955 2122 1006 frau-

210 1045 569 1095 dulentissimi
609 1045 863 1112 serpentis
901 1042 1109 1093 insidiis
1147 1042 1368 1108 decepta
1417 1040 1716 1107 saepissime
1766 1039 2123 1104 contulerunt,

209 1146 391 1180 verum
416 1131 581 1179 etiam
606 1130 741 1179 mira
766 1128 999 1195 quadam
1036 1125 1310 1175 verborum
1348 1124 1838 1191 sententiarumque
1865 1126 2121 1176 varietate

210 1213 589 1281 praetulerunt.
666 1213 779 1263 Eva
805 1211 951 1262 enim
976 1208 1207 1276 serpenti
1227 1209 1416 1259 misere
1441 1208 1691 1259 obsecuta
1708 1214 1764 1258 et
1788 1209 1856 1259 ab
1874 1210 2124 1276 originali

212 1298 413 1349 excidit
449 1298 773 1359 innocentia,
811 1300 867 1346 et
903 1294 1050 1345 illius
1087 1292 1417 1360 mancipium
1455 1292 1643 1356 evasit,
1686 1293 1776 1343 sed
1814 1292 2128 1344 Beatissima

209 1382 373 1451 Vir-go
421 1382 677 1450 originale
725 1382 927 1433 donum
980 1379 1189 1447 jugiter
1236 1392 1453 1445 augen8‚
1502 1375 1635 1443 quin
1696 1378 1926 1445 serpenti
1974 1394 2123 1430 aures

212 1483 447 1534 unquam
471 1466 790 1534 praebuerit,
815 1465 960 1516 illius
997 1464 1110 1515 vim
1148 1464 1577 1532 potestatemque
1618 1462 1819 1513 virtute
1857 1463 2118 1514 divinitus

212 1556 429 1620 accepta
454 1551 694 1602 funditus
720 1549 1081 1602 labefactavit.

355 1636 684 1704 Quapropter
732 1651 1006 1703 nunquam
1056 1635 1325 1684 cessarunt
1372 1631 1659 1700 Deiparam
1719 1632 1986 1701 appellare
2039 1633 2125 1685 vel

214 1722 392 1773 lilium
439 1723 579 1772 inter
627 1721 820 1788 spinas,
865 1718 950 1770 vel
993 1722 1187 1768 terram
1230 1716 1446 1767 omnino
1486 1717 1766 1780 intactam,
1809 1718 2123 1785 virgineam,

214 1806 498 1868 illibatam,
530 1803 952 1866 immaculatam,
990 1819 1193 1869 semper
1229 1802 1582 1866 benedictam,
1623 1807 1681 1854 et
1715 1803 1785 1854 ab
1817 1804 1965 1855 omni
2002 1820 2124 1872 pec-

215 1892 323 1943 cati
348 1890 664 1959 contagione
703 1889 941 1951 liberam,
968 1905 1032 1938 ex
1069 1904 1175 1954 qua
1212 1903 1380 1937 novus
1418 1887 1674 1938 formatus
1708 1892 1790 1939 est
1827 1889 2017 1951 Adam,
2042 1888 2127 1940 vel

215 1974 736 2043 irreprehensibilem,
761 1971 1168 2034 lucidissimum,
1206 1970 1747 2039 amoenissimumque
1770 1973 2123 2037 innocentiae,

215 2059 657 2121 immortalitatis,
690 2075 752 2109 ac
792 2056 1101 2107 deliciarum
1141 2055 1446 2122 paradisum
1485 2072 1518 2106 a
1554 2055 1682 2122 Deo·
1703 2058 1818 2124 ipso
1856 2058 2123 2109 consitum

218 2150 274 2197 et
296 2145 364 2196 ab
388 2144 632 2196 omnibus
657 2141 903 2193 venenosi
930 2140 1187 2207 serpentis
1227 2140 1437 2191 insidiis
1478 2141 1772 2204 defensum,
1797 2141 1883 2191 vel
1920 2141 2128 2210 lignum

216 2228 672 2290 immarcescibile,
708 2226 850 2293 quod
900 2224 1107 2292 peccati
1146 2225 1338 2275 vermis
1387 2241 1660 2293 nunquam
1704 2228 2009 2294 corruperit,
2047 2227 2130 2278 vel

218 2322 421 2373 fontem
447 2334 649 2385 semper
673 2315 919 2378 illimem,
945 2318 1001 2365 et
1027 2313 1260 2381 Spiritus
1288 2313 1473 2364 Sancti
1500 2314 1702 2365 virtute
1727 2315 2018 2384 signatum,
2046 2316 2130 2367 vel

218 2405 610 2458 divinissimum
635 2399 920 2468 templum,
946 2398 1031 2449 vel
1056 2399 1480 2450 immortalitatis
1506 2398 1833 2462 thesaurum,
1858 2400 1943 2450 vel
1968 2417 2130 2450 unam

217 2495 274 2542 et
298 2490 479 2550 solam,
503 2503 609 2537 non
634 2486 820 2536 mortis
857 2485 947 2535 sed
990 2484 1134 2534 vitae
1172 2482 1361 2546 filiam,
1387 2500 1494 2534 non
1531 2483 1641 2534 irae
1666 2484 1757 2536 sed
1786 2486 1990 2553 gratiae
2014 2501 2130 2553 ger—

219 2590 343 2626 men
366 2573 507 2641 quod
532 2588 735 2639 semper
771 2571 944 2621 virens
979 2586 1044 2621 ex
1071 2573 1315 2635 corrupta
1341 2569 1646 2636 infectaque
1670 2569 1844 2620 radice
1878 2569 2131 2638 singulari

218 2660 320 2711 Dei
356 2656 691 2726 providentia
732 2658 938 2722 praeter
978 2657 1143 2704 statas
1186 2669 1598 2720 communesque
1642 2653 1784 2723 leges
1828 2652 2130 2706 effloruerit.

220 2745 322 2797 Sed
358 2743 507 2810 quasi
540 2742 684 2803 haec,
722 2739 851 2790 licet
885 2738 1332 2806 splendidissima,
1371 2740 1499 2789 satis
1535 2755 1643 2789 non
1681 2739 1870 2801 forent,
1908 2739 2131 2806 propriis

218 2828 554 2894 definitisque
580 2825 859 2877 sententiis
878 2825 1173 2884 edixerunt,
1193 2823 1396 2873 nullam
1423 2840 1648 2890 prorsuS,
1668 2840 1791 2874 cum
1810 2822 1877 2874 de
1895 2824 2127 2891 peccatis

218 2917 415 2984 agitur,
453 2911 751 2963 habendam
789 2927 899 2961 esse
938 2910 1303 2976 quaestionem
1346 2908 1413 2959 de
1452 2907 1648 2959 Sancta
1685 2908 1905 2976 Virgine
1942 2908 2131 2971 Maria,

219 3002 307 3053 cui
330 3000 449 3068 plus
474 2997 677 3066 gratiae
703 2995 958 3046 collatum
985 2995 1091 3045 fuit
1114 2994 1182 3044 ad
1215 2993 1536 3044 vincendum
1562 2994 1708 3044 omni
1734 3010 1797 3043 ex
1822 2999 1973 3061 parte
2009 3011 2132 3061 pec-

220 3091 432 3144 catum3
483 3088 604 3133 tum
654 3082 871 3149 professi
922 3084 1063 3143 sunt,
1121 3078 1571 3130 Gloriosissimam
1632 3078 1908 3147 Virginem
1970 3079 2132 3129 fuisse

219 3172 500 3240 parentum
560 3165 946 3233 reparatricem,
995 3167 1323 3232 posterorum
1374 3161 1793 3225 vivificatricem,
1842 3179 1876 3213 a
1925 3164 2131 3215 saeculo

220 3255 461 3316 electam,
498 3252 566 3302 ab
602 3250 877 3300 Altissimo
919 3249 1020 3300 sibi
1060 3252 1427 3316 praeparatam
1452 3264 1484 3298 a
1518 3247 1647 3310 Deo,
1674 3248 1885 3314 quando
1923 3248 1991 3298 ad
2029 3266 2131 3300 ser-

220 3344 438 3409 pentem
485 3337 594 3387 ait:
633 3331 986 3386 Inimicitias
1015 3349 1236 3402 ponam
1272 3331 1422 3385 inter
1462 3338 1510 3384 te
1548 3337 1595 3384 et
1632 3330 1946 3396 mulierem,
1984 3351 2131 3401 prae-

222 3427 442 3486 dictam,
465 3438 600 3489 quae
636 3419 819 3487 procul
854 3419 1016 3469 dubio
1053 3422 1377 3469 venenatum
1414 3419 1650 3487 ejusdem
1689 3419 1944 3485 serpentis
1970 3424 2132 3486 caput

222 3508 508 3567 contrivit3
546 3523 606 3557 ac
630 3508 905 3572 propterea
941 3503 1287 3567 affirmarunt,
1322 3504 1562 3554 eamdem
1600 3502 1973 3554 Beatissimam
2011 3504 2132 3555 Vir-

222 3594 403 3665 ginem
438 3591 597 3642 fuisse
647 3605 740 3656 per
781 3587 1011 3657 gratiam
1051 3588 1119 3639 ab
1161 3589 1306 3638 omni
1346 3587 1551 3655 peccati
1592 3587 1709 3637 labe
1759 3587 2023 3656 integram
2068 3604 2129 3639 ac

220 3679 441 3731 liberam
459 3676 526 3727 ab
550 3674 697 3726 omni
723 3674 1035 3742 contagione
1061 3676 1117 3724 et
1140 3672 1385 3740 corporis,
1403 3675 1459 3722 et
1477 3672 1703 3733 animae,
1724 3674 1779 3721 et
1797 3672 2123 3735 intellectuS‚

224 3780 285 3820 ac
309 3778 509 3835 semper
533 3777 657 3813 cum
682 3758 797 3813 Deo
822 3760 1181 3812 conversatam
1204 3761 1261 3807 et
1297 3756 1615 3825 sempiterno
1641 3754 1844 3807 foedere
1870 3773 1994 3807 cum
2020 3757 2123 3812 1110
