2514 4504
1092 564 1368 609 DECRETA.
2090 548 2159 609 31

282 717 478 767 assidui
504 718 558 767 in
586 716 811 768 lectione
836 714 891 767 S.
919 714 1236 783 Scripturae,
1261 717 1317 765 et
1340 712 1657 782 Theologiae
1693 716 1807 763 tam
1845 713 2178 781 dogmaticae

281 818 441 868 quam
467 801 695 865 moralis,
720 806 775 853 et
798 801 1069 852 asceticae.
1144 799 1233 850 Ita
1254 796 1366 862 fiet,
1385 802 1467 861 ut,
1482 815 1692 867 gregem
1717 799 2055 859 instruentes,
2074 814 2180 847 non

281 887 527 938 inanibus
553 887 721 938 verbis
759 887 1039 938 hominum
1076 887 1290 936 tantum
1328 883 1616 952 pulsabunt
1652 900 1819 945 aureS,
1851 899 1956 933 non
2000 887 2181 933 contra

282 973 527 1023 inimicos
577 972 926 1035 dimicabunt,
974 971 1123 1022 velut
1170 987 1342 1021 aerem
1391 969 1734 1031 verberanteS,
1798 969 1887 1018 sed
1947 972 2003 1018 et
2063 967 2181 1018 illos

283 1059 547 1111 fructuose
573 1076 691 1111 vero
714 1059 857 1110 vitae
882 1075 1018 1126 pane
1041 1057 1298 1119 nutrient,
1324 1059 1379 1107 et
1402 1055 1495 1106 hos
1522 1054 1688 1105 solida
1720 1054 2182 1122 argumentatione

281 1144 656 1214 profligabunt.
720 1145 943 1195 Evitent
966 1143 1161 1211 pariter
1184 1142 1436 1193 librorum
1462 1140 1527 1191 de
1550 1140 1702 1190 rebus
1726 1140 1923 1206 ineptis
1949 1143 2003 1189 et
2028 1154 2184 1188 mun-

282 1230 432 1281 danis
449 1230 798 1281 tractantium
816 1230 1072 1281 lecturam
1086 1228 1316 1290 noxiam,
1335 1227 1533 1294 quippe
1556 1226 1651 1293 qui
1674 1230 1729 1276 et
1754 1229 1965 1292 tempus
1989 1228 2045 1275 et
2070 1224 2185 1273 ani-

282 1331 431 1366 mum
441 1315 708 1366 inutiliter
715 1318 1050 1378 consumunt,
1059 1318 1114 1365 et
1123 1313 1277 1364 facile
1285 1311 1670 1363 tentationibus
1679 1311 1887 1376 aditum
1897 1314 2184 1378 praestant.

427 1400 510 1450 11.
562 1399 795 1467 Expedit
811 1403 875 1450 ut
889 1398 1186 1461 facultateS‚
1212 1397 1332 1448 aliis
1351 1414 1512 1465 quam
1530 1396 1815 1448 rectoribus
1841 1396 2183 1446 missionariis

282 1501 569 1547 concessae,
611 1485 911 1536 limitentur
958 1483 1132 1551 quoad
1180 1487 1425 1551 tempus;
1477 1482 1555 1533 ita
1603 1485 1668 1532 ut
1709 1481 1769 1532 in
1811 1481 2073 1549 principio
2116 1481 2184 1531 ad

282 1587 498 1633 annum,
523 1575 579 1622 et
604 1571 678 1622 sic
710 1570 977 1639 gradatim
1001 1569 1070 1621 ad
1094 1569 1304 1639 longius
1329 1568 1582 1636 temporis
1608 1568 1862 1636 spatium,
1887 1567 2180 1630 tradantur.

283 1655 632 1707 Meminerint
670 1672 789 1707 vero
831 1655 1120 1706 sacerdotes
1159 1653 1416 1722 episcopis
1450 1653 1541 1722 jus
1577 1658 1890 1721 competere,
1926 1670 2186 1720 usumque

284 1741 413 1792 alibi
435 1742 665 1810 vigere,a
680 1739 955 1792 Benedict.
972 1739 1122 1790 XIV.
1140 1738 1383 1809 (Instit.)
1398 1755 1713 1808 magnopere
1733 1740 2184 1802 commendatum,

282 1831 409 1877 ante
467 1827 860 1879 renovationem
920 1826 1238 1877 facultatum
1312 1826 1451 1893 ipsos
1511 1825 1816 1890 sacerdoteS,
1877 1826 2186 1894 praesertim

280 1911 527 1981 juniores,
552 1912 748 1963 iterum
772 1912 840 1963 ad
868 1928 1088 1963 examen
1124 1911 1418 1962 revocandi.
1493 1910 1582 1961 Ita
1617 1911 1835 1978 quidem
1861 1910 1973 1975 fiet,
2009 1916 2091 1974 ut,
2127 1912 2187 1961 in

285 1998 439 2047 sacris
464 1997 782 2048 lectionibus
806 2013 868 2048 ac
892 1997 1038 2048 verbi
1063 1996 1163 2047 Dei
1201 1997 1379 2047 studio
1421 2001 1826 2064 perseveranteS,
1870 1997 2186 2048 assistricem

282 2083 592 2135 coelestibus
617 2083 827 2134 sedibus
846 2083 1182 2150 sapientiam,
1208 2083 1359 2150 quasi
1383 2087 1610 2135 matrem
1634 2083 2056 2148 honorificatam,
2083 2085 2185 2136 sibi

282 2172 638 2220 occurrentem
663 2169 722 2219 in
747 2185 889 2220 sacro
914 2169 1209 2220 ministerio
1234 2169 1528 2220 inveniant.
1595 2167 1757 2237 (Eccl.
1786 2182 1901 2234 XV„
1928 2170 2007 2239 2.)

430 2256 512 2305 12.
564 2253 667 2306 Sed
691 2271 814 2305 cum
839 2255 898 2304 in
923 2271 1088 2305 manu
1113 2253 1216 2306 Dei
1241 2255 1406 2306 simus
1431 2258 1480 2307 et
1502 2271 1605 2307 ‘nos
1622 2259 1670 2306 et
1688 2271 1962 2307 sermones
1986 2254 2186 2319 nostri,

281 2343 331 2391 et
345 2337 530 2391 omnis
554 2337 848 2408 sapientia,
875 2342 925 2390 et
949 2355 1182 2408 operum
1204 2338 1438 2392 scientia
1463 2344 1512 2392 ct
1537 2338 1848 2410 disciplina
1874 2341 1902 2409 (
1904 2341 2037 2410 Sap.
2066 2354 2185 2405 vl1.,

285 2424 396 2495 16),
438 2426 607 2494 igitur
646 2425 832 2494 Ipsum
865 2426 1107 2478 invocare
1146 2426 1413 2491 debemus,
1437 2432 1503 2478 ut
1535 2428 1718 2479 veniat
1751 2428 1808 2478 in
1833 2445 1927 2479 nos
1954 2428 2186 2495 Spiritus

281 2511 588 2579 sapientiae.
682 2510 750 2581 (I
753 2510 797 2564 b.
836 2510 914 2581 7.)
1006 2511 1356 2574 Quamobrem
1395 2514 1717 2565 sacerdotem
1760 2514 1913 2564 decet
1961 2515 2187 2565 orationi

281 2614 433 2665 saepe
451 2614 651 2660 vacare,
671 2602 736 2649 ut
753 2598 852 2650 hoc
871 2598 1071 2650 donum
1087 2615 1119 2649 a
1134 2599 1294 2651 Patre
1307 2599 1574 2651 luminum
1594 2600 1911 2651 descendens
1930 2600 2186 2651 obtineat.

282 2681 533 2743 Quotidie
576 2683 733 2735 sacris
771 2684 1215 2736 meditationibus
1248 2689 1417 2749 vacet,
1455 2685 1699 2736 divinum
1726 2684 1973 2736 Officium
1999 2686 2187 2736 devote

280 2769 500 2820 recitare
525 2769 754 2833 studeat,
781 2768 1157 2821 Sanctissimae
1194 2770 1561 2822 Eucharistiae
1598 2775 1987 2822 sacramentum
2025 2770 2187 2821 semel

281 2853 470 2905 saltem
512 2854 572 2904 in
613 2854 700 2905 die
738 2854 940 2920 visitet,
980 2854 1354 2911 Beatissimam
1396 2855 1673 2927 Virginem
1712 2857 1943 2909 Mariam
1992 2857 2188 2908 eximia

281 2939 563 2992 devotione
587 2940 746 2993 colat.

916 3071 1321 3125 DECRETUM
1381 3071 1556 3127 XXV.

803 3197 886 3252 Dc
920 3196 1244 3252 Rectoribus
1281 3197 1674 3252 Eccleswrum.

427 3325 533 3389 Qui
574 3330 782 3396 praeest
823 3328 1090 3391 ecclesiae,
1134 3327 1244 3379 sive
1287 3327 1510 3395 simplex
1550 3328 1620 3378 sit
1663 3327 2042 3391 missionarius,
2081 3328 2189 3379 sive

283 3412 447 3465 titulo
464 3414 679 3465 rectoris
697 3413 1018 3465 missionarii
1037 3414 1423 3475 condecoretur,
1442 3412 1542 3463 Dei
1568 3413 1778 3463 villicus
1804 3417 1883 3463 est
1903 3413 2189 3476 habendus,

284 3499 373 3550 cui
397 3500 697 3550 concredita
720 3503 802 3551 est
833 3516 952 3567 pars
988 3499 1301 3550 Dominicae
1339 3498 1525 3548 vineae
1568 3498 1868 3549 excolenda.
1945 3496 2030 3548 Sit
2067 3515 2191 3565 ergo

283 3584 436 3635 utilis
461 3588 517 3635 et
540 3583 730 3647 fidelis,
755 3585 813 3635 in
838 3584 1084 3636 omnibus
1110 3583 1364 3645 laboranS,
1390 3599 1590 3633 memor
1615 3583 1854 3633 eamdem
1871 3599 1980 3633 esse
1999 3584 2188 3634 rectori

284 3666 439 3721 navis
458 3673 515 3720 et
537 3670 754 3738 navigio
778 3670 1071 3721 deferendis
1096 3669 1282 3719 salutis
1307 3668 1390 3718 vel
1414 3668 1638 3735 periculi
1661 3668 1937 3718 rationem.

433 3756 480 3805 1.
531 3753 844 3822 Quicunque
868 3755 1039 3823 igitur
1063 3754 1224 3804 alicui
1241 3753 1634 3822 congregationi
1650 3752 1951 3819 praeficitur
1971 3753 2191 3803 emittat

284 3839 343 3889 in
384 3839 629 3890 manibus
663 3840 913 3907 episcopi,
951 3839 1036 3889 vel
1072 3838 1186 3905 ejus
1224 3838 1423 3898 vicarii,
1460 3838 1830 3903 professionem
1858 3835 1999 3897 fidei,
2027 3854 2186 3903 quam

285 3923 548 3992 integram
565 3923 809 3975 fidelibus
835 3925 936 3976 sibi
964 3923 1256 3975 commissis
1282 3941 1335 3974 se
1360 3924 1785 3990 praedicaturum
1811 3923 2107 3991 spondebit.
