2514 4504
731 441 1069 486 msmuc'mo
1113 442 1297 485 smum
1342 443 1672 488 nmAmomz.
2021 431 2141 494 397

242 603 337 656 per
381 587 434 639 le
481 588 630 658 gravi
679 586 996 649 condizioni,
1045 585 1142 638 che
1191 587 1243 638 la
1296 588 1627 652 circondano‚
1685 606 1814 642 aveo.
1871 592 2150 659 implorato

244 655 605 741 “ampliorem
637 671 950 723 facultatem
978 687 1011 722 a
1038 670 1172 723 Sede
1196 671 1501 739 Apostolica
1526 675 1734 741 copiam
1762 675 1989 727 faciendi
2015 694 2154 744 pres-

245 758 489 826 ⁶⁶byteris
528 794 542 811 .
606 795 620 810 .
685 794 698 809 .
763 794 776 808 .
814 759 878 807 ut
920 755 1107 807 diebus
1150 756 1432 807 dominicis
1476 762 1531 808 et
1575 758 1723 810 festis
1766 760 1830 810 de
1868 767 2146 829 praecepto

247 843 511 894 “missam
547 843 629 894 bis
665 842 922 895 celebrare
957 843 1180 910 possint,
1220 859 1342 893 cum
1380 842 1436 893 id
1472 844 1708 911 postulet
1744 845 2025 897 necessitas
2061 852 2157 898 aut

247 932 282 959 ⁶⁶
297 928 587 996 spiritualis
618 928 862 980 fidelium
895 926 1153 979 utilitas?
1227 926 1460 979 Fattane
1494 927 1749 979 relazione
1783 929 1836 979 al
1862 928 2007 998 Papa
2034 930 2156 981 nell'

248 1014 472 1065 udienza
497 1014 584 1065 dei
614 1015 679 1064 13
705 1013 886 1081 Aprile
910 1012 987 1083 gli
1014 1012 1058 1064 si
1084 1013 1277 1080 rispose
1314 1013 1401 1064 nel
1438 1013 1595 1064 modo
1633 1018 1916 1082 seguente:
1967 1016 2158 1067 “Talis

249 1102 284 1129 ⁶⁶
299 1099 626 1150 existimatio
642 1102 723 1150 est
738 1099 955 1150 virtutis
978 1102 1035 1149 et
1058 1098 1372 1166 prudentiae
1391 1103 1534 1162 tuae,
1554 1102 1620 1149 ut
1639 1097 1730 1151 SS.
1754 1098 1818 1150 D.
1838 1098 1907 1151 N.
1919 1099 2156 1167 jusserit,

250 1187 284 1214 ⁶⁶
301 1200 513 1236 omnem
562 1185 820 1253 deponere
868 1188 925 1236 te
968 1184 1155 1235 debere
1197 1184 1524 1235 anxietatem
1566 1184 1752 1248 animi,
1794 1188 1850 1236 et
1891 1185 1937 1236 si
1979 1185 2161 1236 existi-

250 1272 285 1300 ‘⁶
300 1270 522 1321 maveris
560 1270 907 1321 necessarium
950 1286 1058 1320 esse
1104 1268 1188 1320 vel
1229 1268 1475 1320 fidelibus
1519 1269 1854 1321 vehementer
1896 1270 2049 1334 utile,
2098 1275 2161 1322 ut

252 1357 287 1386 ⁶⁶
303 1352 607 1406 Sacerdotes
655 1355 737 1406 bis
785 1355 1000 1405 missam
1044 1354 1229 1405 eodem
1271 1354 1406 1405 festo
1443 1354 1530 1405 die
1567 1354 1848 1418 celebrent,
1886 1355 2161 1407 verborum

254 1439 494 1506 “quibus
517 1441 832 1508 rescriptum
859 1440 1117 1491 contineri
1143 1439 1371 1503 videtur,
1404 1440 1577 1508 rigore
1608 1441 1927 1492 commoveri
1964 1445 2020 1491 te
2056 1456 2161 1491 non

254 1528 287 1555 ⁶⁶
304 1524 508 1575 debere.
582 1524 903 1575 Prudentiae
929 1524 1114 1593 itaque
1139 1527 1195 1575 et
1221 1525 1573 1576 conscientiae
1598 1524 1664 1577 D.
1691 1524 1751 1575 T.
1778 1526 2074 1576 committit
2100 1525 2163 1576 de

255 1609 617 1661 “necessitate
653 1609 775 1672 ista,
815 1612 871 1660 et
911 1625 1186 1659 causarum
1220 1610 1486 1677 gravitate
1512 1610 1755 1678 judicare
1792 1614 1954 1678 atque
1996 1611 2053 1661 in
2096 1611 2163 1661 iis

257 1698 290 1724 ⁶⁶
305 1711 477 1745 rerum
501 1694 767 1762 adjunctis
793 1694 1107 1745 facultatem
1126 1711 1217 1763 per
1242 1699 1594 1746 memoratum
1619 1697 1930 1763 rescriptum
1956 1696 2164 1763 copiam

257 1783 291 1810 ⁶⁶
307 1779 535 1830 faciendi
584 1778 972 1841 SacerdotibuS,
1021 1782 1085 1829 ut
1135 1780 1352 1831 missam
1400 1780 1483 1831 bis
1540 1780 1822 1843 celebrent,
1873 1784 1929 1831 te
1976 1779 2165 1832 habere

259 1869 292 1895 ⁶⁶
309 1864 574 1916 Sanctitas
601 1862 709 1915 Sua
732 1864 962 1933 benigne
988 1864 1325 1930 declaravit.’'

405 1947 489 2001 17.
538 1948 617 2000 La
655 1949 943 2000 medesima
980 1949 1158 2019 regola
1197 1950 1254 2000 di
1297 1954 1639 2001 commettere
1676 1942 1982 2003 all'arbitrio
2006 1968 2038 2002 o
2062 1951 2167 2002 alla

258 2036 425 2087 carita
462 2035 541 2086 de'
585 2034 852 2102 Superiori
895 2034 1031 2086 delle
1073 2035 1319 2086 Missioni
1380 2034 1774 2102 l’applicazione
1832 2035 2163 2103 de’principii

259 2120 487 2191 genereli
511 2120 563 2170 ai
589 2120 696 2170 casi
720 2119 931 2187 pratici,
957 2119 1001 2170 si
1029 2121 1058 2171 e
1082 2124 1344 2171 osservata
1368 2120 1534 2171 anche
1553 2121 1763 2188 quando
1788 2120 1847 2171 in
1874 2122 1992 2183 essi,
2018 2138 2166 2171 come

261 2206 429 2257 eransi
453 2205 666 2272 esposti,
690 2220 796 2255 non
840 2205 884 2255 si
929 2221 1187 2274 scorgesse
1227 2204 1404 2273 quella
1441 2221 1600 2272 grave
1646 2222 1870 2275 urgenza
1913 2206 1969 2256 di
2013 2222 2167 2257 cause

261 2288 682 2341 considerandole
705 2288 913 2340 almeno
939 2291 997 2340 in
1022 2306 1076 2340 se
1102 2294 1262 2340 stesse
1286 2306 1316 2340 e
1358 2290 1416 2340 in
1458 2293 1699 2352 astratto,
1739 2290 1895 2357 quale
1919 2292 2168 2359 esiggono

260 2375 311 2427 le
334 2374 560 2426 clausole
584 2375 641 2425 di
665 2378 850 2442 questa
875 2375 1100 2436 facolta;
1151 2375 1190 2425 il
1240 2374 1335 2425 che
1375 2380 1614 2442 appunto
1658 2375 1923 2426 conferma
1964 2376 2166 2426 doversi

262 2461 382 2512 dare
406 2476 536 2529 gran
560 2463 711 2527 parte
735 2459 823 2510 nel
848 2459 1046 2511 calcolo
1065 2459 1200 2511 delle
1219 2459 1443 2527 ragioni,
1464 2460 1560 2510 che
1578 2476 1645 2510 ne
1661 2459 1998 2528 giustificano
2022 2459 2166 2524 l’uSO,

263 2546 365 2598 alle
390 2545 689 2597 condizioni
714 2549 861 2596 tutte
886 2563 915 2596 e
958 2545 1063 2596 allo
1108 2548 1247 2595 stato
1273 2545 1351 2595 de'
1376 2544 1553 2595 fedeli.
1647 2544 1716 2594 Di
1743 2545 1824 2595 cio
1851 2545 1904 2595 fa
1930 2547 2171 2597 testimo-

263 2633 452 2682 nianza
478 2631 530 2682 la
553 2631 777 2697 risposta
802 2629 1021 2680 data-da
1064 2634 1250 2697 questa
1294 2628 1347 2681 S.
1395 2627 1811 2696 Congregazione
1837 2629 1924 2679 nel
1955 2630 2089 2680 1688
2117 2631 2170 2682 al

263 2716 656 2768 Vice-Prefetto
681 2715 820 2766 della
843 2715 1097 2766 Missione
1123 2714 1179 2765 di
1204 2713 1422 2781 Tripoli.
1508 2713 1558 2763 Il
1583 2712 1738 2781 quale
1781 2714 1981 2764 incerto
2005 2731 2096 2782 per
2120 2715 2170 2766 le

265 2803 360 2870 pisi
385 2801 528 2852 volte
551 2804 835 2851 accennate
859 2799 1089 2850 clausole
1132 2814 1260 2849 avea
1304 2798 1570 2860 richiest0‚
1620 2801 1653 2827 ⁶⁶
1669 2814 1701 2847 a
1725 2802 1927 2864 quanto
1952 2815 2169 2851 numero

266 2891 300 2919 ⁶⁶
316 2887 374 2941 di
414 2887 612 2942 schiavi
649 2902 681 2936 o
721 2885 871 2936 liberi
914 2901 1065 2953 possa
1113 2883 1368 2936 celebrare
1417 2883 1797 2951 precisamente
1846 2883 1895 2934 le
1945 2884 2167 2935 seconda

268 2977 300 3004 ‘⁶
317 2989 502 3035 messa,
527 2971 747 3022 dandosi
771 2970 996 3021 talvolta
1020 2970 1061 3020 il
1104 2986 1239 3032 cas0,
1265 2969 1361 3020 che
1404 2968 1488 3019 nel
1530 2968 1703 3037 bagno
1729 2968 1863 3018 fuori
1888 2968 1943 3019 di
1970 2969 2170 3037 Tripoli

267 3063 301 3090 ⁶⁶
318 3075 423 3109 non
449 3058 494 3108 si
518 3056 783 3108 retrovino
807 3055 1039 3123 presenti
1082 3054 1135 3105 al
1179 3054 1431 3105 sacrificio
1458 3054 1593 3104 disci
1639 3071 1670 3106 o
1695 3055 1932 3122 quindici
1958 3071 2170 3122 persone

268 3144 620 3195 “schiavi...e
645 3159 699 3194 se
722 3143 781 3193 in
805 3157 1091 3193 mancanza
1129 3140 1186 3190 di
1232 3138 1501 3190 Sacerdoti
1548 3155 1641 3206 per
1682 3140 1857 3206 questi
1899 3139 1996 3190 soli
2020 3157 2171 3207 possa

269 3234 302 3262 ⁶⁶
317 3229 572 3281 celebrare
589 3228 642 3279 la
658 3227 879 3278 seconda
898 3226 1042 3277 volta
1059 3226 1107 3276 le
1128 3224 1306 3276 feste.”
1382 3223 1483 3275 Ora
1499 3224 1767 3293 malgrado
1787 3225 1838 3274 la
1858 3224 2171 3277 sfavorevole

268 3315 531 3367 decisione
555 3316 801 3364 emanata
824 3311 883 3362 in
908 3311 1050 3379 quell
1075 3326 1213 3361 anno
1239 3313 1400 3361 stesso
1442 3309 1529 3360 dal
1556 3308 1610 3360 S.
1637 3308 1820 3361 Offizio
1846 3326 1938 3376 per
1961 3326 2033 3360 un
2053 3328 2171 3363 caso

270 3400 461 3463 simile,
486 3415 634 3449 come
659 3398 704 3448 si
729 3399 758 3448 e
782 3397 932 3448 detto
957 3396 1009 3447 al
1036 3397 1059 3463 ξ
1097 3398 1176 3458 12,
1202 3395 1241 3445 il
1270 3394 1322 3446 S.
1364 3393 1609 3446 Consesso
1635 3394 1691 3444 di
1718 3394 2061 3463 Propaganda
2086 3396 2170 3447 dei

272 3488 303 3538 5
350 3483 570 3536 Ottobre
614 3483 797 3534 ordino
840 3479 1223 3549 Relinquatzm·
1266 3477 1527 3531 charitati
1553 3484 1600 3530 et
1643 3477 2006 3530 conscientiae
2031 3478 2169 3533 P.V.

270 3566 559 3638 Praefecti.
634 3568 717 3619 Ne
744 3568 773 3618 e
796 3584 828 3618 a
852 3567 1234 3635 meravigliare,
1260 3582 1313 3615 se
1339 3565 1388 3614 la
1434 3564 1778 3632 Propaganda
1804 3564 1953 3614 crede
1977 3566 2170 3631 potersi

272 3656 351 3708 far
373 3655 532 3722 luogo
556 3670 588 3705 a
611 3653 707 3722 piu
730 3652 958 3720 benigna
1003 3650 1455 3718 interpretaione,
1489 3647 1804 3699 trattandosi
1830 3647 1886 3698 di
1912 3647 2127 3712 schiavi,
2151 3650 2171 3700 i
