2514 4504
469 402 589 465 108
1044 418 1204 463 conc.
1251 416 1415 461 Pnov.
1460 415 1681 459 wnsm.
1723 413 1790 458 11.

1104 806 1700 884 APPENDIL

1238 1098 1469 1160 PARS
1537 1097 1591 1160 Ι.

947 1264 1310 1316 LITTERAE
1376 1262 1870 1317 APOSTOLIOAE

1047 1370 1140 1423 SS.
1190 1369 1466 1422 DOMINI
1508 1369 1774 1422 NOSTRI

462 1502 543 1543 DE
578 1500 933 1544 DOGMATIGA
978 1499 1381 1541 DEFINITIONE
1426 1499 1871 1543 IMMAOULATAE
1898 1501 2352 1547 coNGEPTIoms

1091 1595 1369 1637 VIRGINIS
1415 1595 1734 1638 DEIPARAE.

606 1757 777 1811 PIUS
826 1755 1244 1820 EPISCOPUS,
1294 1756 1574 1810 SERVUS
1624 1756 2023 1811 SERVORUM
2070 1759 2220 1812 DEI.

916 1900 995 1942 AD
1039 1898 1384 1942 PERPE'I'UAM
1425 1898 1525 1940 REI
1567 1898 1911 1942 MEMORIAM.

604 2019 901 2071 Ineffabilis
943 2018 1105 2081 Deus,
1146 2017 1228 2085 cuj
1235 2035 1295 2068 us
1334 2018 1450 2069 viae
1487 2017 1845 2070 misericordia
1880 2022 1938 2070 et
1969 2020 2180 2085 veritas,
2213 2020 2364 2090 cujus

461 2105 707 2158 voluntas
742 2104 1152 2172 omnipotentia,
1175 2107 1232 2154 et
1267 2102 1350 2167 cuj
1357 2120 1420 2154 us
1456 2102 1719 2170 sapientia
1757 2105 1988 2176 attingit
2011 2122 2045 2157 a
2067 2104 2174 2158 fine
2198 2122 2366 2175 usque

461 2191 530 2242 ad
570 2190 732 2261 finem
775 2190 983 2240 fort-iter
1026 2193 1083 2240 et
1124 2188 1361 2256 disponit
1408 2188 1589 2239 omnia
1643 2189 1892 2255 suaviter,
1947 2207 2073 2242 cum
2110 2191 2180 2243 ab
2219 2191 2368 2242 omni

461 2276 778 2327 aeternitate
820 2274 1138 2342 praeviderit
1184 2273 1633 2324 luctuosissimam
1674 2275 1844 2326 totius
1892 2275 2113 2328 humani
2161 2276 2367 2345 generis

462 2361 672 2412 ruinam
697 2376 761 2410 ex
785 2358 979 2409 Adami
1015 2357 1422 2426 transgressione
1451 2358 1812 2423 derivandam,
1836 2363 1999 2429 atque
2022 2362 2082 2412 in
2116 2361 2367 2430 mysterio

464 2463 496 2496 a
521 2444 739 2495 saeculis
764 2443 1071 2495 abscondito
1095 2442 1331 2510 primum
1367 2458 1489 2493 suae
1513 2442 1771 2495 bonitatis
1796 2461 1927 2512 opus
1951 2445 2240 2498 decreverit
2273 2461 2367 2513 per

463 2532 623 2584 Verbi
660 2531 1080 2582 incarnationem
1119 2532 1443 2580 sacramento
1486 2529 1771 2581 occultiore
1794 2531 2072 2599 complere,
2095 2536 2161 2584 ut
2184 2534 2367 2584 contra

464 2618 753 2669 misericors
778 2633 933 2667 suum
958 2614 1288 2682 propositum
1311 2613 1469 2665 homo
1494 2614 1787 2666 diabolicae
1810 2615 2117 2684 iniquitatis
2134 2618 2367 2669 versutia

465 2707 616 2754 actus
639 2703 698 2752 in
722 2701 936 2768 culpam
977 2716 1084 2751 non
1120 2700 1332 2767 periret,
1357 2704 1413 2751 et
1436 2699 1578 2767 quod
1613 2700 1672 2751 in
1695 2700 1869 2768 primo
1894 2701 2100 2763 Adamo
2123 2717 2367 2754 casurum

467 2792 597 2850 erat,
639 2787 698 2837 in
736 2785 962 2837 secundo
1002 2784 1209 2835 felicius
1246 2784 1550 2852 erigeretur,
1589 2785 1658 2836 ab
1689 2786 1851 2837 initio
1893 2790 1950 2838 et
1991 2790 2116 2838 ante
2159 2785 2368 2838 saecula

466 2872 760 2940 Unigenito
800 2870 941 2920 Filio
985 2886 1077 2920 suo
1114 2869 1364 2932 Matrem,
1401 2887 1464 2921 ex
1489 2887 1596 2938 qua
1620 2887 1737 2922 caro
1763 2869 1935 2923 factus
1967 2872 2027 2922 in
2050 2871 2208 2923 beata
2229 2875 2369 2923 tem-

464 2973 653 3025 porum
676 2954 1012 3023 plenitudine
1035 2958 1349 3017 nasceretur,
1375 2955 1539 3023 elegit
1576 2959 1735 3023 atque
1775 2956 2061 3020 ordinavit,
2103 2959 2365 3024 tantoque

466 3058 590 3111 prae
615 3041 863 3092 creaturis
887 3040 1140 3090 universis
1164 3044 1245 3091 est
1280 3045 1584 3107 prosecutus
1608 3057 1803 3104 amore,
1826 3044 1892 3091 ut
1927 3042 1986 3092 in
2014 3040 2110 3091 illa
2133 3056 2241 3092 una
2265 3041 2367 3092 sibi

466 3127 868 3197 propensissima
899 3125 1175 3176 voluntate
1211 3124 1608 3192 complacuerit.
1683 3124 2011 3193 Quapropter
2035 3125 2187 3176 illam
2210 3126 2366 3196 longe

467 3218 593 3264 ante
635 3228 812 3263 omnes
854 3209 1119 3279 angelicos
1167 3209 1384 3276 spiritus
1432 3212 1752 3277 cunctosque
1801 3214 2007 3261 sanctos
2054 3211 2365 3263 coelestium

467 3298 709 3350 omnium
750 3296 1126 3346 charismatum
1163 3295 1314 3361 copia
1339 3294 1406 3345 de
1429 3293 1673 3346 thesauro
1710 3294 2012 3346 divinitatis
2054 3295 2367 3364 deprompta

467 3385 547 3435 ita
587 3381 810 3433 mirifice
852 3379 1164 3442 cumulavit,
1204 3382 1271 3429 ut
1311 3379 1427 3446 ipsa
1469 3380 1537 3430 ab
1579 3380 1726 3430 omni
1767 3397 1973 3447 prorsus
2007 3382 2212 3448 peccati
2246 3381 2366 3433 labe

468 3484 671 3535 semper
695 3467 876 3528 libera,
914 3481 975 3515 ac
999 3467 1116 3515 tota
1150 3464 1371 3531 pulchra
1407 3468 1462 3514 et
1503 3465 1735 3532 perfecta
1773 3481 1892 3515 eam
1934 3466 2267 3516 innocentiae
2308 3467 2366 3516 et

468 3553 769 3606 sanctitatis
816 3550 1206 3619 plenitudinem
1255 3565 1380 3616 prae
1423 3565 1476 3599 se
1524 3549 1696 3612 ferret,
1744 3566 1851 3617 qua
1894 3550 1998 3618 maj
2006 3568 2063 3602 or
2109 3551 2207 3602 sub
2253 3551 2367 3603 Deo

466 3639 771 3691 nullatenus
811 3634 1150 3703 intelligitur,
1191 3636 1246 3682 et
1285 3649 1447 3699 quam
1488 3637 1693 3700 praeter
1734 3632 1910 3684 Deum
1957 3651 2116 3685 nemo
2157 3635 2362 3702 assequi

469 3722 751 3792 cogitando
774 3722 967 3788 potest.
1028 3718 1103 3768 Et
1127 3717 1345 3783 quidem
1370 3718 1590 3768 decebat
1613 3717 1848 3781 omnino,
1866 3722 1931 3769 ut
1953 3720 2364 3786 perfectissimae
