2514 4504
418 419 499 484 22
996 437 1155 480 cose.
1198 431 1362 479 Pssov.
1407 433 1627 477 wEs'rM.
1673 429 1712 475 1.

411 605 548 650 rum,
595 587 826 637 maxime
874 585 1044 652 pretio
1099 583 1493 644 conductarum,
1541 582 1601 631 in
1662 581 1817 632 choro
1877 583 2182 644 concentuS,
2240 580 2311 632 ab

414 671 661 722 Ecclesiis
703 670 1064 721 excludantur.
1163 668 1355 735 Sicque
1402 666 1665 734 paulatim
1714 666 1816 716 erit
1865 664 2030 732 (quod
2078 666 2312 717 maxime

413 753 683 824 optamus)
722 758 898 805 totum
942 753 1182 804 fidelium
1219 756 1428 804 coetum
1466 751 1708 801 unanimi
1747 750 1887 800 vocis
1913 754 1969 800 et
1993 751 2160 802 cordis
2185 767 2309 802 con-

413 859 566 894 sensu
590 841 902 909 psallentem
932 839 1126 889 audire.

554 926 674 977 Non
707 920 795 977 *ita
842 925 1175 993 protrahatur
1223 926 1426 985 cantus,
1466 925 1531 971 ut
1572 919 1768 971 Missae
1817 936 2014 985 cursuS‚
2063 920 2168 973 nisi
2214 920 2312 974 ubi

413 1012 670 1065 Rubricae
694 1011 895 1074 sinunt,
919 1010 1351 1078 interrumpatur.

1043 1199 1445 1254 DEORETUM
1522 1197 1677 1249 XIX.

915 1339 997 1392 Dc
1033 1338 1387 1391 Sacramento
1423 1330 1820 1386 Poenitentiae.
1846 1351 1848 1354 ’

558 1471 691 1525 Cum
732 1471 831 1524 hoc
880 1475 1263 1524 sacramentum
1307 1468 1532 1520 secunda
1573 1471 1714 1517 recte
1763 1465 1973 1519 dicatur
2018 1470 2141 1536 post
2178 1484 2314 1522 nau-

414 1559 642 1627 fragium
685 1558 885 1621 tabula,
933 1574 1160 1624 cumque
1208 1571 1387 1607 omnes
1435 1551 1822 1620 peccaverimus
1870 1570 1932 1604 ac
1991 1554 2159 1623 gloria
2210 1555 2313 1608 Dei

415 1659 660 1712 egeamus
685 1642 870 1712 (Rom.
897 1655 1001 1705 111„
1039 1640 1152 1708 23),
1189 1641 1256 1692 ab
1291 1640 1407 1707 ipsa
1443 1643 1622 1688 tenera
1656 1640 1833 1687 aetate
1867 1639 2111 1691 omnibus
2141 1640 2316 1692 incul-

414 1728 581 1778 canda
604 1731 686 1779 est
709 1731 823 1778 tam
849 1727 1090 1784 salutaris
1114 1726 1405 1776 medicinae
1431 1722 1678 1784 efficacia,
1716 1722 1933 1790 ejusque
1970 1741 2095 1776 usus
2131 1726 2314 1778 sedulo

413 1813 793 1864 exercitandus,
893 1811 1221 1863 Exhortandi
1260 1810 1426 1861 etiam
1475 1812 1600 1858 sunt
1647 1806 1844 1871 fideles,
1892 1813 1955 1860 ut
2003 1826 2110 1861 non
2155 1811 2314 1863 modo

415 1898 575 1949 semel
621 1899 681 1947 in
728 1913 884 1960 anno,
927 1897 1009 1947 vel
1046 1913 1175 1960 rar0‚
1216 1896 1306 1947 sed
1349 1909 1501 1961 saepe
1542 1892 1611 1942 ad
1653 1891 1751 1943 hoc
1794 1892 2061 1947 lavacrum
2102 1897 2316 1949 animae

414 1987 716 2044 recurrant3
752 1964 862 2034 imo
910 1987 975 2033 ut
1013 1983 1219 2050 quoties
1258 1979 1463 2049 peccati
1513 1976 1684 2028 sordes
1733 1982 2102 2044 contraxerint,
2153 1984 2316 2035 toties

414 2069 739 2119 munditiem
764 2069 1073 2136 exquirant:
1113 2068 1319 2135 quoties
1343 2062 1733 2134 aegritudinem
1762 2066 2014 2130 sentiant,
2036 2071 2316 2136 properent

415 2155 483 2205 ad
520 2154 799 2205 medelam.
892 2154 971 2204 De
1011 2153 1470 2208 administratione
1512 2148 1680 2217 igitur
1730 2146 1950 2217 hujusce
1997 2152 2315 2205 sacramenti

414 2256 546 2308 quae
571 2244 862 2307 sequuntur
886 2239 1205 2290 observanda
1230 2240 1576 2291 decernimuS.

562 2327 609 2377 1.
659 2325 725 2375 In
764 2325 910 2375 omni
959 2324 1176 2375 ecclesia
1218 2323 1490 2392 erigendas
1532 2325 1901 2395 praecipimus,
1952 2324 1999 2374 si
2039 2323 2159 2392 jam
2205 2340 2315 2377 non

414 2411 662 2473 existant,
689 2411 832 2461 sedes
857 2408 1270 2472 confessionales‚
1293 2425 1388 2475 pro
1423 2427 1641 2463 numero
1666 2411 2011 2464 sacerdotum.
2086 2409 2146 2462 Si
2168 2410 2315 2463 locus

415 2512 521 2547 non
569 2497 727 2559 sinat,
762 2495 990 2562 episcopi
1024 2494 1231 2562 judicio
1266 2510 1347 2544 res
1381 2498 1462 2545 est
1498 2496 1792 2549 deferenda.
1865 2494 2154 2546 Mulierum
2191 2513 2315 2547 con-

416 2580 661 2631 fessiones
701 2580 896 2631 nullibi
945 2580 1050 2630 nisi
1110 2579 1169 2629 in
1216 2579 1581 2632 confessionali
1629 2585 1755 2633 sunt
1803 2579 2161 2647 excipiendae,
2208 2582 2315 2633 nisi

415 2660 696 2712 infirmitas
719 2661 804 2712 vel
829 2661 1054 2711 surditas
1078 2659 1234 2710 aliter
1259 2660 1493 2711 suadeat.
1570 2661 1674 2713 Sed
1699 2662 1865 2712 etiam
1899 2665 2030 2712 tunc
2066 2662 2312 2714 mulieres

415 2746 474 2796 in
496 2745 610 2797 loco
633 2749 869 2813 patente,
892 2745 987 2796 ubi
1011 2744 1164 2795 facile
1188 2745 1256 2795 ab
1281 2744 1401 2796 aliis
1424 2751 1646 2812 possunt
1669 2747 1854 2810 videri,
1879 2747 2181 2800 audiantur.

558 2832 610 2882 2.
659 2830 726 2880 In
761 2828 1126 2882 confessionali
1168 2830 1348 2882 sedeat
1389 2832 1643 2898 sacerdos,
1685 2832 2060 2903 superpelliceo
2092 2836 2150 2884 et
2176 2833 2315 2886 stola

417 2912 648 2966 violacea
678 2915 916 2967 indutus·
2182 2934 2185 2935 ’

559 3001 609 3049 3.
658 2998 818 3051 Pueri
841 3000 951 3051 doli
975 3016 1209 3068 capaces,
1237 3001 1305 3052 ad
1341 3001 1719 3054 confessionem
1754 3018 1863 3055 non
1899 3000 2071 3054 solum
2113 3002 2312 3055 admit-

415 3085 563 3135 tendi
588 3085 678 3135 sed
702 3085 1003 3136 attrahendi
1028 3094 1181 3146 sunt3
1217 3087 1396 3153 eisque
1419 3088 1521 3138 rite
1546 3088 1816 3155 dispositis
1840 3088 2102 3140 absolutio
2120 3089 2311 3141 danda.

418 3168 586 3228 Quare
624 3185 729 3220 non
771 3170 1067 3236 probandus
1111 3187 1235 3221 usus
1275 3171 1661 3223 absolutionem
1704 3171 1997 3236 differendi,
2037 3173 2202 3224 donec
2242 3173 2313 3225 ad

415 3253 643 3319 primam
684 3253 1109 3304 communionem
1157 3255 1527 3307 admittantur.
1627 3255 1730 3308 Sed
1778 3273 1808 3308 e
1856 3261 2055 3322 contra,
2104 3275 2314 3310 summa

416 3337 699 3405 diligentia
735 3338 899 3388 etiam
940 3339 1171 3390 rudiores
1208 3344 1264 3390 et
1305 3342 1563 3392 crassioris
1604 3341 1798 3393 indolis
1839 3343 1991 3410 pueri
2033 3346 2158 3394 sunt
2207 3344 2314 3395 dis-

416 3422 646 3488 ponendi
671 3421 736 3471 ad
761 3422 859 3472 hoc
885 3428 1284 3476 sacramentum.

558 3507 610 3555 4.
659 3505 993 3556 Medicinalis
1018 3507 1174 3574 hujus
1201 3507 1526 3560 Sacramenti
1549 3509 1686 3562 ratio
1711 3511 1885 3578 poscit
1907 3515 1973 3563 ut
1997 3512 2310 3580 quantocius

415 3591 536 3654 post
573 3588 766 3639 lethale
797 3593 1003 3656 peccati
1046 3593 1235 3644 vulnus
1276 3596 1575 3661 recipiatur.
1650 3596 1931 3663 Propterea
1969 3614 2076 3648 non
2114 3599 2311 3665 absque

416 3689 570 3722 causa
598 3672 762 3739 justa,
787 3675 855 3725 ad
890 3675 1038 3726 aliud
1073 3680 1284 3744 tempus
1321 3680 1433 3730 sine
1468 3681 1798 3733 absolutione
1833 3684 2178 3734 remandandi
2214 3683 2309 3751 qui

415 3761 632 3822 peccata
655 3759 877 3808 contrite
914 3760 1246 3812 confitentur.
1321 3763 1635 3815 Praesertim
1679 3782 1798 3816 vero
1840 3784 2201 3819 conversorum
2239 3769 2307 3819 ad
