2514 4504
391 401 472 461 54
965 424 1124 467 coxo.
1168 424 1340 467 PRov.
1385 423 1608 467 wner.
1652 422 1693 466 1.

525 570 667 622 Item
709 570 974 638 probanda
1014 573 1127 622 visa
1163 575 1242 622 est
1283 571 1563 621 methodus
1598 568 1865 636 proposita
1899 584 1994 636 pro
2017 567 2276 637 eligendis

385 657 647 706 canonicis
671 656 799 706 adeo
824 659 889 705 ut
911 655 1084 722 prima
1107 656 1222 706 vice
1247 672 1441 718 omnes,
1467 653 1853 721 comprehensis
1872 669 2081 721 quoque
2098 653 2278 722 digni-

384 740 602 803 tatibus,
626 758 717 808 per
741 741 1026 809 Episcopos
1050 741 1209 791 libere
1234 741 1499 809 eligantur
1515 739 1676 807 juxta
1699 738 1855 789 breve
1878 737 2274 805 Apostolicumz

384 825 444 875 in
483 828 749 892 posterum
791 842 927 888 ver0,
970 825 1239 876 observata
1281 824 1545 875 mensium
1588 823 1934 874 distinctione
1957 823 2095 873 circa
2117 822 2278 874 colla-

384 911 586 961 tionem
610 909 664 961 S.
685 909 833 960 Sedis
857 911 1104 978 rescripto
1127 910 1495 978 peragendam,
1518 909 1577 958 in
1599 907 1814 974 reliquis
1837 906 2053 958 alternis
2074 907 2277 959 vicibus

384 995 677 1046 nominatio
715 994 828 1058 fiat,
852 995 937 1046 vel
978 995 1137 1046 libere
1172 1012 1264 1063 per
1291 995 1614 1062 Episcopum
1637 992 1722 1043 vel
1744 1009 1836 1059 per
1863 990 2191 1058 Capitulum,
2214 1007 2278 1043 ea

385 1084 565 1130 tamen
586 1080 788 1130 ratione
811 1084 876 1130 ut
910 1084 1014 1131 tres
1039 1069 1378 1130 ecclesiastici
1413 1080 1514 1130 viri
1551 1078 1728 1142 semel,
1754 1079 1965 1141 iterum,
1989 1077 2073 1129 vel
2099 1077 2278 1140 terti0,

385 1164 645 1232 Episcopo
668 1164 1028 1227 exhibeantur,
1051 1168 1115 1215 ut
1139 1165 1374 1228 idoneuS,
1399 1167 1455 1214 et
1489 1164 1840 1230 undequaque
1881 1162 2279 1214 commendatus

386 1250 455 1301 ab
478 1250 660 1300 eodem
685 1250 964 1300 canonicus
988 1249 1336 1309 instituatur3
1385 1248 1539 1300 aliter
1561 1248 1751 1299 electio
1774 1247 1936 1300 libere
1959 1247 2028 1299 ad
2059 1245 2279 1315 Episco-

385 1351 518 1403 pum
540 1335 819 1402 pertineat.

529 1418 743 1469 Placuit
767 1419 931 1470 etiam
948 1416 1400 1470 Eminentissimis
1419 1417 1666 1469 Patribus
1689 1417 1977 1486 propositio
1991 1415 2279 1485 Episcopo-

387 1520 506 1555 rum
528 1506 594 1553 ut
617 1503 851 1571 dignitas
875 1504 931 1553 in
951 1502 1170 1553 Litteris
1187 1502 1503 1570 Apostolicis
1522 1519 1616 1570 pro
1641 1502 1864 1571 singulis
1881 1500 2279 1573 Cathedralibus

389 1587 651 1656 Capitulis
675 1587 881 1638 decreta
904 1587 1067 1639 titulo
1091 1585 1411 1655 Praepositi
1438 1587 1816 1656 distinguatur.

531 1671 902 1725 Constituendi
936 1673 1132 1740 pariter
1155 1677 1309 1723 erunt
1345 1673 1584 1723 canonici
1621 1673 1896 1742 theologus
1923 1689 1986 1723 ac
2006 1672 2282 1740 poeniten-

388 1758 593 1821 tiariUS,
618 1758 713 1825 qui
736 1758 908 1826 prima
943 1758 1041 1808 hac
1065 1758 1178 1808 vice
1202 1757 1396 1825 absque
1420 1774 1673 1809 concursu
1697 1758 1765 1809 ab
1788 1757 2065 1825 Episcopis
2085 1757 2281 1825 pariter

390 1843 686 1913 eligantur3
728 1843 918 1894 deinde
942 1860 1062 1895 vero
1097 1844 1166 1894 ad
1207 1844 1446 1894 tramites
1483 1860 1743 1894 sacrorum
1766 1859 2063 1894 canonum:
2099 1842 2282 1910 poeni-

390 1928 670 1980 tentiarius
693 1932 875 1979 autem
899 1928 1072 1996 quoad
1089 1928 1202 1979 fieri.
1218 1931 1404 1996 potest
1426 1944 1586 1996 penes
1605 1927 1969 1980 Gathedralem
1987 1926 2281 1978 Ecclesiam

389 2017 620 2065 moretur
664 2013 724 2064 in
769 2014 1007 2081 proxima
1053 2030 1172 2064 vero
1221 2012 1430 2082 Synodo
1477 2016 1667 2082 agatur
1713 2013 1781 2064 de
1827 2012 2145 2064 lectionibus
2189 2028 2284 2080 per

389 2097 703 2149 canonicum
761 2097 1068 2167 theologum
1128 2097 1382 2149 habendis
1440 2098 1509 2147 ad
1567 2098 1808 2149 tramites
1873 2098 2282 2167 dispositionum

390 2184 757 2234 canonicarum
797 2182 981 2234 habito
1022 2186 1203 2234 tamen
1242 2185 1482 2251 respectu
1517 2182 1586 2233 ad
1621 2186 1923 2250 temporum
1945 2182 2284 2252 locorumque

391 2267 828 2319 circumstantias.

535 2351 772 2420 Cumque
820 2353 1035 2404 demum
1076 2368 1367 2422 congruum
1408 2352 1695 2404 admodum
1737 2353 1950 2417 existat,
1989 2355 2054 2404 ut
2089 2354 2183 2421 qui
2223 2352 2284 2404 in

392 2438 658 2490 Ecclesiae
682 2441 942 2501 senatum,
966 2437 1286 2489 consiliarios
1317 2437 1569 2506 Episcopi
1596 2455 1657 2489 ac
1681 2439 1987 2506 praecipuos
2019 2438 2284 2507 adjutores

393 2524 628 2591 ejusdem
686 2541 779 2591 pro
827 2523 1285 2574 administratione
1344 2524 1634 2574 dioeceseos
1693 2527 2048 2587 assumuntur,
2094 2523 2285 2575 habitu

393 2625 603 2675 quoque
644 2607 822 2675 aliqua
863 2608 1064 2658 ratione
1107 2608 1521 2676 distinguantur,
1553 2609 1781 2660 admissa
1817 2610 1924 2660 fuit
1961 2610 2285 2661 Antistitum

392 2693 586 2760 petitio
633 2695 698 2743 ut
744 2692 1000 2753 canonici,
1046 2691 1194 2742 nulla
1254 2693 1394 2742 facta
1453 2693 1793 2744 distinctione
1852 2693 2142 2746 dioeceseos
2187 2697 2286 2745 aut

393 2777 603 2845 graduS,
627 2793 782 2843 supra
823 2776 1258 2843 superpelliceum
1293 2782 1561 2828 assumant
1598 2782 1887 2829 mozzetam
1909 2778 2050 2848 nigri
2082 2778 2286 2843 coloriS,

393 2878 501 2913 non
523 2865 702 2912 tamen
720 2861 951 2924 sericam,
961 2862 1120 2929 juxta
1144 2862 1363 2912 formam
1379 2862 1446 2913 ab
1464 2862 1897 2914 Eminentissimo
1916 2880 1977 2913 ac
1991 2862 2285 2915 Reverend-

394 2946 574 2997 issimo
592 2943 992 3012 Archiepiscopo
1015 2945 1563 2998 Westmonasteriensi
1587 2947 1983 3016 designandam.

539 3029 872 3081 Sententiam
897 3028 951 3081 S.
973 3029 1028 3081 C.
1050 3030 1391 3082 Sanctissimo
1414 3031 1641 3083 Domino
1665 3031 1857 3084 Nostro
1881 3032 1981 3083 Pio
1999 3032 2176 3100 Papae
2198 3029 2285 3083 IX

396 3116 465 3168 ab
501 3115 830 3182 infrascripto
872 3116 1144 3167 secretario
1185 3116 1404 3167 relatam
1445 3117 1504 3166 in
1542 3117 1815 3168 audientia
1849 3116 1959 3168 diei
2001 3117 2033 3168 6
2069 3117 2285 3185 Aprilis,

398 3199 663 3252 Sanctitas
702 3198 809 3251 Sua
848 3199 1074 3270 benigne
1116 3201 1375 3268 probavit,
1417 3202 1725 3269 opportunis
1772 3201 2116 3253 facultatibus
2161 3218 2286 3254 con-

399 3285 570 3347 cessiS,
589 3285 930 3352 eamdemque
948 3286 1136 3337 servari
1159 3287 1443 3354 praecepit,
1461 3287 1733 3339 contrariis
1756 3286 2156 3355 quibuscunque
2178 3302 2285 3339 non

401 3368 747 3420 obstantibus.

542 3448 760 3515 Datum,
783 3452 904 3514 etc„
929 3451 993 3501 21
1023 3448 1235 3519 Aprilis,
1263 3451 1417 3504 1852.

1438 3534 1523 3588 Al.
1562 3535 1840 3601 BARNABo,
1875 3533 2230 3590 Secretum-
