2514 4504
698 442 774 486 DE
817 442 1162 485 ResmEN'mA
1206 442 1629 488 EPISCOPORUM.
1986 431 2110 492 423

211 594 413 645 ratione
438 592 852 652 communicans,
880 590 1054 640 Deum
1080 606 1259 657 precor
1277 596 1340 641 ut
1359 590 1539 658 Ipsam
1573 591 1668 642 diu
1689 593 1939 660 sospitem
1958 600 2117 662 atque

109 745 113 751 Α
216 678 532 730 incolumem
559 681 742 728 servet.

355 776 556 827 Datum
582 775 780 826 Romae
806 792 869 825 ex
894 773 1126 824 Aedibus
1152 772 1205 824 S.
1227 771 1661 843 Congregationis
1686 776 1752 827 de
1776 775 2121 847 Propaganda

220 863 350 915 Fide
374 863 459 914 die
485 865 571 914 24.
599 860 795 930 Aprilis
827 861 981 912 1861.

611 1192 708 1243 DE
771 1191 1217 1243 RESIDENTIA
1278 1191 1727 1246 PRAESULUM

825 1325 894 1365 IN
942 1325 1111 1366 LOCIS
1157 1325 1514 1367 MISSIONUM.

359 1466 586 1519 Decreta
632 1469 680 1517 et
723 1462 1133 1517 Declarationes
1181 1463 1238 1518 S.
1282 1463 1481 1533 Gonyr.
1521 1464 1587 1518 de
1628 1465 1802 1537 Prop.
1840 1465 1994 1520 Fide.

1147 1610 1191 1657 I.

253 1739 319 1789 In
346 1738 762 1808 Congregatione
787 1737 1033 1807 Generali
1059 1753 1233 1787 coram
1261 1735 1425 1788 SSffio
1451 1737 1635 1787 habita
1661 1738 1748 1788 die
1787 1740 1873 1788 28.
1900 1738 2085 1789 Martii

1007 1826 1162 1876 Anno
1191 1826 1346 1877 1651.

361 1939 678 1992 “Sanctitas
703 1938 811 1990 Sua
836 1939 1070 1989 decrevit
1097 1939 1236 2006 quod
1262 1939 1511 2007 Episcopi
1548 1939 1600 1991 S.
1629 1939 2033 2009 Congregationi
2059 1941 2124 1991 de

219 2032 251 2058 “
267 2026 614 2094 Propaganda
639 2025 775 2075 Fide
800 2024 1129 2075 subordinati
1153 2040 1258 2074 non
1294 2026 1497 2091 possint
1522 2042 1753 2076 exercere
1789 2026 2124 2077 Pontificalia

220 2119 251 2145 ‘⁶
271 2115 328 2164 in
371 2112 509 2175 aliis,
550 2114 917 2179 praeterquam
954 2109 1014 2159 in
1056 2110 1279 2177 propriis
1322 2110 1588 2173 Ecclesiis,
1628 2112 1837 2162 etiamsi
1884 2117 2017 2163 esset
2059 2113 2124 2163 de

220 2204 252 2231 “
267 2215 523 2250 consensu
549 2195 945 2248 Ordinatiorum
975 2195 1071 2246 sub
1097 2212 1266 2263 poena
1286 2196 1636 2263 suspensionis
1655 2197 1769 2264 ipso
1789 2197 1929 2247 facto
1953 2198 2126 2248 incur-

220 2290 251 2316 ‘⁶
265 2284 473 2346 rendae,
507 2299 568 2332 ac
599 2282 773 2333 eidem
808 2281 1062 2333 Pontifici
1096 2286 1403 2344 reservatae,
1429 2283 1715 2333 dummodo
1740 2300 1771 2332 a
1808 2283 2043 2350 praefata
2070 2283 2122 2334 S.

220 2374 251 2401 ⁵⁶
267 2368 685 2438 Congregatione
709 2384 816 2418 non
841 2368 1022 2417 sintin
1037 2372 1179 2418 certo
1195 2367 1309 2419 loco
1329 2368 1578 2419 destinati
1598 2368 1796 2418 Vicarii
1815 2368 2122 2435 Apostolici‚

219 2461 250 2488 ‘⁶
267 2472 360 2508 seu
382 2453 849 2505 Administratoles
874 2453 1099 2521 alicujus
1125 2453 1393 2505 Ecclesiae
1417 2452 1709 2521 deputati.”

361 2571 597 2628 Similia
632 2571 857 2624 Decreta
890 2570 1231 2641 prodierunt
1265 2571 1332 2625 ab
1371 2571 1558 2625 eadem
1591 2570 1650 2626 S.
1692 2570 2125 2641 Gonyreyatione

220 2657 309 2713 die
332 2660 420 2712 26.
444 2655 604 2712 Julii
627 2658 787 2711 1662.
813 2662 862 2710 et
885 2658 974 2710 17.
999 2655 1158 2711 Julii
1183 2657 1343 2710 1715.

1135 2802 1213 2850 H.

274 2932 347 2987 In
371 2930 789 3002 Congregatione
812 2930 1119 2999 particulari
1144 2931 1210 2982 de
1234 2930 1583 3000 Propaganda
1608 2930 1743 2982 Fide
1767 2930 1952 2982 habita
1977 2932 2064 2983 die

974 3017 1024 3068 7.
1049 3015 1186 3067 Maii
1216 3017 1372 3069 1669.

364 3145 501 3199 Cum
542 3146 749 3197 iteratis
786 3163 879 3214 per
923 3145 976 3198 S.
1019 3145 1076 3199 C.
1116 3148 1341 3199 decretis
1381 3147 1691 3198 exercitium
1726 3147 2123 3198 Pontificalium

221 3236 366 3286 extra
388 3232 664 3283 Dioeceses
687 3231 965 3300 Episcopis
989 3233 1225 3301 ejusdem
1254 3232 1307 3285 S.
1336 3232 1393 3285 G.
1419 3234 1711 3302 assignatas
1748 3233 2124 3300 prohiberetur,

221 3317 484 3387 quaesivit
510 3317 801 3385 Episcopus
827 3318 1274 3386 Heliopolitanus.

363 3428 397 3455 ‘⁶
416 3423 499 3474 An
548 3423 694 3473 dicta
742 3423 951 3474 decreta
994 3423 1342 3492 intelligenda
1382 3426 1553 3473 essent
1593 3423 1704 3472 vim
1749 3439 1895 3472 suam
1935 3422 2123 3473 habere

221 3510 414 3560 “intra
450 3508 581 3559 fines
617 3509 858 3576 Europae
896 3512 1127 3571 tantum,
1163 3525 1229 3559 an
1262 3525 1382 3559 vero
1419 3509 1825 3559 extenderentur
1858 3509 2022 3559 etiam
2056 3509 2122 3559 ad

220 3598 254 3627 “
272 3595 378 3645 alia
413 3594 543 3657 loca,
582 3610 673 3661 per
708 3610 842 3659 quae
882 3595 1261 3645 transeundum
1298 3598 1449 3656 esset,
1481 3611 1601 3644 cum
1628 3594 1695 3644 ad
1722 3610 1837 3644 suas
1864 3593 2122 3643 Ecclesias

221 3685 252 3711 ‘⁶
268 3679 691 3740 proficisceretur.
