<?xml version="1.0" encoding="UTF-8"?>
<!DOCTYPE html PUBLIC "-//W3C//DTD XHTML 1.0 Transitional//EN"
    "http://www.w3.org/TR/xhtml1/DTD/xhtml1-transitional.dtd">
<html xmlns="http://www.w3.org/1999/xhtml" xml:lang="en" lang="en">
 <head>
  <title>
</title>
<meta http-equiv="Content-Type" content="text/html;charset=utf-8" />
  <meta name='ocr-system' content='tesseract 3.04.00' />
  <meta name='ocr-capabilities' content='ocr_page ocr_carea ocr_par ocr_line ocrx_word'/>
</head>
<body>
  <div class='ocr_page' id='page_1' title='image "a613743300cathuoft_0120.png"; bbox 0 0 2514 4504; ppageno 0'>
   <div class='ocr_carea' id='block_1_1' title="bbox 491 432 1812 491">
    <p class='ocr_par' dir='ltr' id='par_1_1' title="bbox 491 432 1812 491">
     <span class='ocr_line' id='line_1_1' title="bbox 491 432 1812 491; baseline -0.002 -1"><span class='ocrx_word' id='word_1_1' title='bbox 491 432 610 491; x_wconf 80' lang='lat'>102</span> <span class='ocrx_word' id='word_1_2' title='bbox 1055 448 1223 491; x_wconf 66' lang='lat' dir='ltr'>com).</span> <span class='ocrx_word' id='word_1_3' title='bbox 1268 448 1436 490; x_wconf 73' lang='lat' dir='ltr'>Paov.</span> <span class='ocrx_word' id='word_1_4' title='bbox 1481 446 1700 489; x_wconf 71' lang='lat' dir='ltr'>wns&#39;rM.</span> <span class='ocrx_word' id='word_1_5' title='bbox 1750 446 1812 488; x_wconf 93' lang='lat'>11.</span> 
     </span>
    </p>
   </div>
   <div class='ocr_carea' id='block_1_2' title="bbox 470 589 2388 2627">
    <p class='ocr_par' dir='ltr' id='par_1_2' title="bbox 471 589 2388 1498">
     <span class='ocr_line' id='line_1_2' title="bbox 481 589 2388 661; baseline -0.001 -19"><span class='ocrx_word' id='word_1_6' title='bbox 481 609 586 661; x_wconf 92' lang='lat' dir='ltr'>que</span> <span class='ocrx_word' id='word_1_7' title='bbox 631 594 859 661; x_wconf 87' lang='lat' dir='ltr'>pecunia</span> <span class='ocrx_word' id='word_1_8' title='bbox 906 610 1011 644; x_wconf 92' lang='lat' dir='ltr'>non</span> <span class='ocrx_word' id='word_1_9' title='bbox 1060 591 1231 643; x_wconf 91' lang='lat' dir='ltr'>solum</span> <span class='ocrx_word' id='word_1_10' title='bbox 1279 590 1323 657; x_wconf 90' lang='lat' dir='ltr'>ej</span> <span class='ocrx_word' id='word_1_11' title='bbox 1331 607 1392 640; x_wconf 92' lang='lat' dir='ltr'>us</span> <span class='ocrx_word' id='word_1_12' title='bbox 1440 589 1686 640; x_wconf 72' lang='lat' dir='ltr'>honestae</span> <span class='ocrx_word' id='word_1_13' title='bbox 1736 590 2131 653; x_wconf 74' lang='lat' dir='ltr'><strong>sustentationi,</strong></span> <span class='ocrx_word' id='word_1_14' title='bbox 2180 589 2271 641; x_wconf 88' lang='lat' dir='ltr'>sed</span> <span class='ocrx_word' id='word_1_15' title='bbox 2330 593 2388 641; x_wconf 83' lang='lat' dir='ltr'>et</span> 
     </span>
     <span class='ocr_line' id='line_1_3' title="bbox 481 676 2388 748; baseline 0 -20"><span class='ocrx_word' id='word_1_16' title='bbox 481 680 782 746; x_wconf 71' lang='lat' dir='ltr'><strong>sumptibus</strong></span> <span class='ocrx_word' id='word_1_17' title='bbox 818 680 1050 748; x_wconf 79' lang='lat' dir='ltr'>religiosi</span> <span class='ocrx_word' id='word_1_18' title='bbox 1098 678 1293 740; x_wconf 87' lang='lat' dir='ltr'>cultus,</span> <span class='ocrx_word' id='word_1_19' title='bbox 1341 677 1737 727; x_wconf 85' lang='lat' dir='ltr'>manutentioni</span> <span class='ocrx_word' id='word_1_20' title='bbox 1786 676 2031 739; x_wconf 84' lang='lat' dir='ltr'>fabricae,</span> <span class='ocrx_word' id='word_1_21' title='bbox 2080 677 2294 740; x_wconf 77' lang='lat' dir='ltr'>debitis,</span> <span class='ocrx_word' id='word_1_22' title='bbox 2341 677 2388 728; x_wconf 85' lang='lat' dir='ltr'>si</span> 
     </span>
     <span class='ocr_line' id='line_1_4' title="bbox 479 761 2384 831; baseline 0 -17"><span class='ocrx_word' id='word_1_23' title='bbox 479 780 615 831; x_wconf 90' lang='lat' dir='ltr'>quae</span> <span class='ocrx_word' id='word_1_24' title='bbox 666 766 790 829; x_wconf 91' lang='lat' dir='ltr'>sint,</span> <span class='ocrx_word' id='word_1_25' title='bbox 847 765 1124 828; x_wconf 84' lang='lat' dir='ltr'>solvendis,</span> <span class='ocrx_word' id='word_1_26' title='bbox 1185 763 1410 830; x_wconf 89' lang='lat' dir='ltr'>aliisque</span> <span class='ocrx_word' id='word_1_27' title='bbox 1471 761 1778 829; x_wconf 81' lang='lat' dir='ltr'>hujusmodi</span> <span class='ocrx_word' id='word_1_28' title='bbox 1838 762 2224 829; x_wconf 83' lang='lat' dir='ltr'>providendum</span> <span class='ocrx_word' id='word_1_29' title='bbox 2286 771 2384 814; x_wconf 87' lang='lat' dir='ltr'>est.</span> 
     </span>
     <span class='ocr_line' id='line_1_5' title="bbox 481 847 2386 916; baseline 0 -18"><span class='ocrx_word' id='word_1_30' title='bbox 481 849 700 914; x_wconf 76' lang='lat' dir='ltr'>Idcirco,</span> <span class='ocrx_word' id='word_1_31' title='bbox 738 852 781 901; x_wconf 92' lang='lat' dir='ltr'>si</span> <span class='ocrx_word' id='word_1_32' title='bbox 818 851 1082 902; x_wconf 79' lang='lat' dir='ltr'>discedere</span> <span class='ocrx_word' id='word_1_33' title='bbox 1118 866 1150 899; x_wconf 92' lang='lat' dir='ltr'>a</span> <span class='ocrx_word' id='word_1_34' title='bbox 1186 849 1435 899; x_wconf 86' lang='lat' dir='ltr'>missione</span> <span class='ocrx_word' id='word_1_35' title='bbox 1472 847 1635 898; x_wconf 79' lang='lat' dir='ltr'>alicui</span> <span class='ocrx_word' id='word_1_36' title='bbox 1686 847 1943 898; x_wconf 90' lang='lat' dir='ltr'>sacerdoti</span> <span class='ocrx_word' id='word_1_37' title='bbox 1993 848 2279 916; x_wconf 88' lang='lat' dir='ltr'>contigerit</span> <span class='ocrx_word' id='word_1_38' title='bbox 2326 847 2386 898; x_wconf 91' lang='lat' dir='ltr'>in</span> 
     </span>
     <span class='ocr_line' id='line_1_6' title="bbox 478 922 2385 1002; baseline -0.001 -17"><span class='ocrx_word' id='word_1_39' title='bbox 478 935 606 986; x_wconf 85' lang='lat' dir='ltr'>anni</span> <span class='ocrx_word' id='word_1_40' title='bbox 643 953 814 999; x_wconf 92' lang='lat' dir='ltr'>cursu,</span> <span class='ocrx_word' id='word_1_41' title='bbox 851 953 958 986; x_wconf 91' lang='lat' dir='ltr'>non</span> <span class='ocrx_word' id='word_1_42' title='bbox 986 935 1077 1002; x_wconf 87' lang='lat' dir='ltr'>jus</span> <span class='ocrx_word' id='word_1_43' title='bbox 1113 934 1275 984; x_wconf 88' lang='lat' dir='ltr'>habet</span> <span class='ocrx_word' id='word_1_44' title='bbox 1322 922 1392 983; x_wconf 85' lang='lat' dir='ltr'>ad</span> <span class='ocrx_word' id='word_1_45' title='bbox 1439 936 1612 984; x_wconf 89' lang='lat' dir='ltr'>ratam</span> <span class='ocrx_word' id='word_1_46' title='bbox 1661 937 1870 1000; x_wconf 90' lang='lat' dir='ltr'>partem</span> <span class='ocrx_word' id='word_1_47' title='bbox 1919 932 2172 984; x_wconf 73' lang='lat' dir='ltr'>introitus</span> <span class='ocrx_word' id='word_1_48' title='bbox 2219 933 2385 984; x_wconf 90' lang='lat' dir='ltr'>annui</span> 
     </span>
     <span class='ocr_line' id='line_1_7' title="bbox 477 1017 2383 1088; baseline -0.001 -18"><span class='ocrx_word' id='word_1_49' title='bbox 477 1020 581 1070; x_wconf 90' lang='lat' dir='ltr'>nisi</span> <span class='ocrx_word' id='word_1_50' title='bbox 641 1022 786 1088; x_wconf 89' lang='lat' dir='ltr'>prius</span> <span class='ocrx_word' id='word_1_51' title='bbox 848 1021 1155 1071; x_wconf 88' lang='lat' dir='ltr'>detrahatur</span> <span class='ocrx_word' id='word_1_52' title='bbox 1208 1035 1327 1086; x_wconf 92' lang='lat' dir='ltr'>pars</span> <span class='ocrx_word' id='word_1_53' title='bbox 1373 1018 1522 1086; x_wconf 91' lang='lat' dir='ltr'>juste</span> <span class='ocrx_word' id='word_1_54' title='bbox 1567 1018 1884 1087; x_wconf 88' lang='lat' dir='ltr'>assignanda</span> <span class='ocrx_word' id='word_1_55' title='bbox 1943 1017 2052 1068; x_wconf 91' lang='lat' dir='ltr'>illis</span> <span class='ocrx_word' id='word_1_56' title='bbox 2111 1018 2383 1086; x_wconf 87' lang='lat' dir='ltr'>impensis.</span> 
     </span>
     <span class='ocr_line' id='line_1_8' title="bbox 479 1103 2386 1174; baseline -0.002 -17"><span class='ocrx_word' id='word_1_57' title='bbox 479 1105 738 1157; x_wconf 78' lang='lat' dir='ltr'>Similiter</span> <span class='ocrx_word' id='word_1_58' title='bbox 774 1123 835 1157; x_wconf 92' lang='lat' dir='ltr'>ea</span> <span class='ocrx_word' id='word_1_59' title='bbox 871 1122 1004 1174; x_wconf 92' lang='lat' dir='ltr'>quae</span> <span class='ocrx_word' id='word_1_60' title='bbox 1040 1105 1340 1173; x_wconf 90' lang='lat' dir='ltr'>providerat</span> <span class='ocrx_word' id='word_1_61' title='bbox 1375 1120 1469 1170; x_wconf 89' lang='lat' dir='ltr'>pro</span> <span class='ocrx_word' id='word_1_62' title='bbox 1507 1103 1772 1154; x_wconf 82' lang='lat' dir='ltr'>Ecclesiae</span> <span class='ocrx_word' id='word_1_63' title='bbox 1796 1120 1898 1154; x_wconf 90' lang='lat' dir='ltr'>usu</span> <span class='ocrx_word' id='word_1_64' title='bbox 1923 1120 1987 1154; x_wconf 84' lang='lat' dir='ltr'>ex</span> <span class='ocrx_word' id='word_1_65' title='bbox 2009 1103 2139 1171; x_wconf 89' lang='lat' dir='ltr'>ipsis</span> <span class='ocrx_word' id='word_1_66' title='bbox 2163 1104 2386 1155; x_wconf 88' lang='lat' dir='ltr'>redditi-</span> 
     </span>
     <span class='ocr_line' id='line_1_9' title="bbox 476 1187 2383 1257; baseline -0.001 -16"><span class='ocrx_word' id='word_1_67' title='bbox 476 1190 571 1242; x_wconf 91' lang='lat' dir='ltr'>bus</span> <span class='ocrx_word' id='word_1_68' title='bbox 609 1192 890 1254; x_wconf 84' lang='lat' dir='ltr'>Ecclesiae,</span> <span class='ocrx_word' id='word_1_69' title='bbox 927 1208 975 1243; x_wconf 83' lang='lat' dir='ltr'>v.</span> <span class='ocrx_word' id='word_1_70' title='bbox 1011 1207 1065 1257; x_wconf 79' lang='lat'>9.</span> <span class='ocrx_word' id='word_1_71' title='bbox 1104 1205 1292 1252; x_wconf 91' lang='lat' dir='ltr'>cereos,</span> <span class='ocrx_word' id='word_1_72' title='bbox 1329 1189 1518 1239; x_wconf 92' lang='lat' dir='ltr'>vinum</span> <span class='ocrx_word' id='word_1_73' title='bbox 1554 1205 1648 1256; x_wconf 90' lang='lat' dir='ltr'>pro</span> <span class='ocrx_word' id='word_1_74' title='bbox 1700 1187 2047 1239; x_wconf 83' lang='lat' dir='ltr'>Sanctissimo</span> <span class='ocrx_word' id='word_1_75' title='bbox 2097 1187 2383 1253; x_wconf 85' lang='lat' dir='ltr'>Sacrificio,</span> 
     </span>
     <span class='ocr_line' id='line_1_10' title="bbox 479 1273 2383 1344; baseline -0.001 -17"><span class='ocrx_word' id='word_1_76' title='bbox 479 1294 677 1328; x_wconf 91' lang='lat' dir='ltr'>sacram</span> <span class='ocrx_word' id='word_1_77' title='bbox 726 1275 1129 1344; x_wconf 88' lang='lat' dir='ltr'>supellectilem,</span> <span class='ocrx_word' id='word_1_78' title='bbox 1175 1278 1298 1341; x_wconf 90' lang='lat' dir='ltr'>post</span> <span class='ocrx_word' id='word_1_79' title='bbox 1345 1290 1399 1324; x_wconf 91' lang='lat' dir='ltr'>se</span> <span class='ocrx_word' id='word_1_80' title='bbox 1447 1273 1741 1341; x_wconf 86' lang='lat' dir='ltr'>relinquere</span> <span class='ocrx_word' id='word_1_81' title='bbox 1789 1273 1949 1324; x_wconf 92' lang='lat' dir='ltr'>debet</span> <span class='ocrx_word' id='word_1_82' title='bbox 1995 1273 2191 1341; x_wconf 89' lang='lat' dir='ltr'>absque</span> <span class='ocrx_word' id='word_1_83' title='bbox 2239 1291 2383 1326; x_wconf 91' lang='lat' dir='ltr'>com-</span> 
     </span>
     <span class='ocr_line' id='line_1_11' title="bbox 474 1358 2382 1428; baseline 0 -16"><span class='ocrx_word' id='word_1_84' title='bbox 474 1363 795 1428; x_wconf 88' lang='lat' dir='ltr'>pensatione,</span> <span class='ocrx_word' id='word_1_85' title='bbox 858 1362 964 1413; x_wconf 91' lang='lat' dir='ltr'>nisi</span> <span class='ocrx_word' id='word_1_86' title='bbox 1025 1364 1263 1412; x_wconf 84' lang='lat' dir='ltr'>constare</span> <span class='ocrx_word' id='word_1_87' title='bbox 1323 1359 1489 1411; x_wconf 83' lang='lat' dir='ltr'>faciat</span> <span class='ocrx_word' id='word_1_88' title='bbox 1546 1359 1686 1411; x_wconf 84' lang='lat' dir='ltr'>hanc</span> <span class='ocrx_word' id='word_1_89' title='bbox 1745 1358 2099 1426; x_wconf 86' lang='lat' dir='ltr'>provisionem</span> <span class='ocrx_word' id='word_1_90' title='bbox 2158 1376 2382 1428; x_wconf 88' lang='lat' dir='ltr'>aequam</span> 
     </span>
     <span class='ocr_line' id='line_1_12' title="bbox 471 1444 1494 1498; baseline -0.001 0"><span class='ocrx_word' id='word_1_91' title='bbox 471 1448 730 1498; x_wconf 90' lang='lat' dir='ltr'>rationem</span> <span class='ocrx_word' id='word_1_92' title='bbox 767 1447 1029 1498; x_wconf 86' lang='lat' dir='ltr'>excedere.</span> <span class='ocrx_word' id='word_1_93' title='bbox 1490 1444 1494 1447; x_wconf 81' lang='grc'><strong>’</strong></span> 
     </span>
    </p>

    <p class='ocr_par' dir='ltr' id='par_1_3' title="bbox 471 1529 2384 1857">
     <span class='ocr_line' id='line_1_13' title="bbox 616 1529 2384 1600; baseline 0.001 -17"><span class='ocrx_word' id='word_1_94' title='bbox 616 1533 687 1585; x_wconf 91' lang='grc' dir='ltr'>Χ.</span> <span class='ocrx_word' id='word_1_95' title='bbox 737 1532 979 1584; x_wconf 91' lang='lat' dir='ltr'>Diversas</span> <span class='ocrx_word' id='word_1_96' title='bbox 1040 1530 1259 1599; x_wconf 88' lang='lat' dir='ltr'>quidem</span> <span class='ocrx_word' id='word_1_97' title='bbox 1309 1529 1588 1581; x_wconf 89' lang='lat' dir='ltr'>methodos</span> <span class='ocrx_word' id='word_1_98' title='bbox 1639 1529 1928 1599; x_wconf 86' lang='lat' dir='ltr'>colligendi</span> <span class='ocrx_word' id='word_1_99' title='bbox 1984 1531 2234 1598; x_wconf 88' lang='lat' dir='ltr'>pecunias</span> <span class='ocrx_word' id='word_1_100' title='bbox 2288 1548 2384 1600; x_wconf 89' lang='lat' dir='ltr'>pro</span> 
     </span>
     <span class='ocr_line' id='line_1_14' title="bbox 471 1614 2378 1685; baseline 0.001 -17"><span class='ocrx_word' id='word_1_101' title='bbox 471 1619 782 1669; x_wconf 86' lang='lat' dir='ltr'>missionum</span> <span class='ocrx_word' id='word_1_102' title='bbox 858 1617 1244 1668; x_wconf 88' lang='lat' dir='ltr'>sustentatione</span> <span class='ocrx_word' id='word_1_103' title='bbox 1314 1614 1612 1682; x_wconf 88' lang='lat' dir='ltr'>praevalere</span> <span class='ocrx_word' id='word_1_104' title='bbox 1684 1615 1931 1666; x_wconf 84' lang='lat' dir='ltr'>omnibus</span> <span class='ocrx_word' id='word_1_105' title='bbox 2005 1616 2135 1667; x_wconf 92' lang='lat' dir='ltr'>satis</span> <span class='ocrx_word' id='word_1_106' title='bbox 2207 1620 2378 1685; x_wconf 84' lang='lat' dir='ltr'>patet.</span> 
     </span>
     <span class='ocr_line' id='line_1_15' title="bbox 473 1700 2382 1769; baseline 0.002 -16"><span class='ocrx_word' id='word_1_107' title='bbox 473 1702 762 1769; x_wconf 82' lang='lat' dir='ltr'>Sequentes</span> <span class='ocrx_word' id='word_1_108' title='bbox 799 1703 857 1752; x_wconf 93' lang='lat' dir='ltr'>in</span> <span class='ocrx_word' id='word_1_109' title='bbox 893 1702 1079 1769; x_wconf 82' lang='lat' dir='ltr'>primis</span> <span class='ocrx_word' id='word_1_110' title='bbox 1115 1718 1223 1753; x_wconf 94' lang='lat' dir='ltr'>non</span> <span class='ocrx_word' id='word_1_111' title='bbox 1259 1700 1630 1768; x_wconf 91' lang='lat' dir='ltr'>improbandas</span> <span class='ocrx_word' id='word_1_112' title='bbox 1667 1716 1956 1764; x_wconf 84' lang='lat' dir='ltr'>censemuS,</span> <span class='ocrx_word' id='word_1_113' title='bbox 1992 1701 2160 1753; x_wconf 89' lang='lat' dir='ltr'>donec</span> <span class='ocrx_word' id='word_1_114' title='bbox 2189 1703 2382 1756; x_wconf 81' lang='lat' dir='ltr'>melius</span> 
     </span>
     <span class='ocr_line' id='line_1_16' title="bbox 471 1784 2107 1857; baseline 0 -18"><span class='ocrx_word' id='word_1_115' title='bbox 471 1805 564 1856; x_wconf 92' lang='lat' dir='ltr'>per</span> <span class='ocrx_word' id='word_1_116' title='bbox 587 1788 902 1839; x_wconf 90' lang='lat' dir='ltr'>charitatem</span> <span class='ocrx_word' id='word_1_117' title='bbox 938 1787 1181 1838; x_wconf 92' lang='lat' dir='ltr'>fidelium</span> <span class='ocrx_word' id='word_1_118' title='bbox 1217 1787 1490 1854; x_wconf 90' lang='lat' dir='ltr'>provisum</span> <span class='ocrx_word' id='word_1_119' title='bbox 1527 1786 1706 1837; x_wconf 89' lang='lat' dir='ltr'>fuerit.</span> <span class='ocrx_word' id='word_1_120' title='bbox 1747 1784 1886 1837; x_wconf 85' lang='lat' dir='ltr'>Sunt</span> <span class='ocrx_word' id='word_1_121' title='bbox 1921 1786 2107 1857; x_wconf 88' lang='lat' dir='ltr'>igitur.</span> 
     </span>
    </p>

    <p class='ocr_par' dir='ltr' id='par_1_4' title="bbox 470 1871 2385 2026">
     <span class='ocr_line' id='line_1_17' title="bbox 619 1871 2385 1940; baseline 0.002 -18"><span class='ocrx_word' id='word_1_122' title='bbox 619 1875 666 1923; x_wconf 89' lang='lat'>1.</span> <span class='ocrx_word' id='word_1_123' title='bbox 717 1872 937 1925; x_wconf 84' lang='lat' dir='ltr'>Sedium</span> <span class='ocrx_word' id='word_1_124' title='bbox 993 1890 1084 1924; x_wconf 92' lang='lat' dir='ltr'>seu</span> <span class='ocrx_word' id='word_1_125' title='bbox 1134 1873 1369 1923; x_wconf 87' lang='lat' dir='ltr'>locorum</span> <span class='ocrx_word' id='word_1_126' title='bbox 1430 1871 1719 1939; x_wconf 88' lang='lat' dir='ltr'>assignatio</span> <span class='ocrx_word' id='word_1_127' title='bbox 1780 1871 1937 1922; x_wconf 87' lang='lat' dir='ltr'>certis</span> <span class='ocrx_word' id='word_1_128' title='bbox 1997 1873 2230 1940; x_wconf 89' lang='lat' dir='ltr'>personis</span> <span class='ocrx_word' id='word_1_129' title='bbox 2290 1891 2385 1928; x_wconf 84' lang='lat' dir='ltr'>seu</span> 
     </span>
     <span class='ocr_line' id='line_1_18' title="bbox 470 1957 2276 2026; baseline 0.002 -17"><span class='ocrx_word' id='word_1_130' title='bbox 470 1958 694 2010; x_wconf 86' lang='lat' dir='ltr'>familiis</span> <span class='ocrx_word' id='word_1_131' title='bbox 730 1975 762 2008; x_wconf 92' lang='lat' dir='ltr'>a</span> <span class='ocrx_word' id='word_1_132' title='bbox 799 1958 991 2025; x_wconf 89' lang='lat' dir='ltr'>quibus</span> <span class='ocrx_word' id='word_1_133' title='bbox 1028 1958 1388 2026; x_wconf 86' lang='lat' dir='ltr'>compensatio</span> <span class='ocrx_word' id='word_1_134' title='bbox 1425 1957 1781 2010; x_wconf 90' lang='lat' dir='ltr'>determinata</span> <span class='ocrx_word' id='word_1_135' title='bbox 1815 1958 1975 2009; x_wconf 90' lang='lat' dir='ltr'>datur</span> <span class='ocrx_word' id='word_1_136' title='bbox 2009 1958 2276 2012; x_wconf 89' lang='lat' dir='ltr'>ecclesiae.</span> 
     </span>
    </p>

    <p class='ocr_par' dir='ltr' id='par_1_5' title="bbox 613 2042 2051 2097">
     <span class='ocr_line' id='line_1_19' title="bbox 613 2042 2051 2097; baseline 0.002 -4"><span class='ocrx_word' id='word_1_137' title='bbox 613 2047 664 2094; x_wconf 88' lang='lat'>2.</span> <span class='ocrx_word' id='word_1_138' title='bbox 717 2042 981 2094; x_wconf 86' lang='lat' dir='ltr'>Collectae</span> <span class='ocrx_word' id='word_1_139' title='bbox 1018 2044 1086 2094; x_wconf 92' lang='lat' dir='ltr'>ad</span> <span class='ocrx_word' id='word_1_140' title='bbox 1125 2042 1468 2095; x_wconf 88' lang='lat' dir='ltr'>Offertorium</span> <span class='ocrx_word' id='word_1_141' title='bbox 1503 2045 1563 2095; x_wconf 93' lang='lat' dir='ltr'>in</span> <span class='ocrx_word' id='word_1_142' title='bbox 1601 2044 1823 2097; x_wconf 90' lang='lat' dir='ltr'>ecclesia</span> <span class='ocrx_word' id='word_1_143' title='bbox 1859 2044 2051 2097; x_wconf 83' lang='lat' dir='ltr'>factae.</span> 
     </span>
    </p>

    <p class='ocr_par' dir='ltr' id='par_1_6' title="bbox 470 2128 2384 2453">
     <span class='ocr_line' id='line_1_20' title="bbox 614 2128 2384 2199; baseline 0.002 -20"><span class='ocrx_word' id='word_1_144' title='bbox 614 2131 665 2180; x_wconf 91' lang='lat'>3.</span> <span class='ocrx_word' id='word_1_145' title='bbox 715 2129 818 2179; x_wconf 89' lang='lat' dir='ltr'>Pro</span> <span class='ocrx_word' id='word_1_146' title='bbox 868 2128 1250 2179; x_wconf 88' lang='lat' dir='ltr'>consuetudine</span> <span class='ocrx_word' id='word_1_147' title='bbox 1298 2129 1615 2198; x_wconf 86' lang='lat' dir='ltr'>generaliter</span> <span class='ocrx_word' id='word_1_148' title='bbox 1662 2129 1722 2180; x_wconf 89' lang='lat' dir='ltr'>in</span> <span class='ocrx_word' id='word_1_149' title='bbox 1771 2129 1969 2198; x_wconf 88' lang='lat' dir='ltr'>Anglia</span> <span class='ocrx_word' id='word_1_150' title='bbox 2018 2130 2253 2199; x_wconf 80' lang='lat' dir='ltr'>vigente,</span> <span class='ocrx_word' id='word_1_151' title='bbox 2303 2148 2384 2184; x_wconf 89' lang='lat' dir='ltr'>so-</span> 
     </span>
     <span class='ocr_line' id='line_1_21' title="bbox 470 2213 2384 2286; baseline 0.001 -19"><span class='ocrx_word' id='word_1_152' title='bbox 470 2216 606 2267; x_wconf 89' lang='lat' dir='ltr'>lutio</span> <span class='ocrx_word' id='word_1_153' title='bbox 660 2214 872 2264; x_wconf 89' lang='lat' dir='ltr'>nummi</span> <span class='ocrx_word' id='word_1_154' title='bbox 927 2213 1270 2264; x_wconf 83' lang='lat' dir='ltr'>determinati</span> <span class='ocrx_word' id='word_1_155' title='bbox 1317 2215 1340 2282; x_wconf 91' lang='lat' dir='ltr'><strong>j</strong></span> <span class='ocrx_word' id='word_1_156' title='bbox 1347 2218 1478 2267; x_wconf 75' lang='lat' dir='ltr'>uxta</span> <span class='ocrx_word' id='word_1_157' title='bbox 1533 2214 1854 2282; x_wconf 78' lang='lat' dir='ltr'>qualitatem</span> <span class='ocrx_word' id='word_1_158' title='bbox 1904 2215 2010 2268; x_wconf 90' lang='lat' dir='ltr'>loci</span> <span class='ocrx_word' id='word_1_159' title='bbox 2069 2217 2384 2286; x_wconf 82' lang='lat' dir='ltr'>occupandi,</span> 
     </span>
     <span class='ocr_line' id='line_1_22' title="bbox 470 2299 2384 2369; baseline 0.001 -17"><span class='ocrx_word' id='word_1_160' title='bbox 470 2302 538 2353; x_wconf 92' lang='lat' dir='ltr'>ab</span> <span class='ocrx_word' id='word_1_161' title='bbox 572 2302 640 2352; x_wconf 92' lang='lat' dir='ltr'>iis</span> <span class='ocrx_word' id='word_1_162' title='bbox 676 2301 770 2367; x_wconf 82' lang='lat' dir='ltr'>qui</span> <span class='ocrx_word' id='word_1_163' title='bbox 805 2300 984 2350; x_wconf 91' lang='lat' dir='ltr'>locum</span> <span class='ocrx_word' id='word_1_164' title='bbox 1020 2300 1352 2369; x_wconf 87' lang='lat' dir='ltr'>assignatum</span> <span class='ocrx_word' id='word_1_165' title='bbox 1388 2317 1496 2353; x_wconf 89' lang='lat' dir='ltr'>non</span> <span class='ocrx_word' id='word_1_166' title='bbox 1531 2299 1749 2365; x_wconf 83' lang='lat' dir='ltr'>habent,</span> <span class='ocrx_word' id='word_1_167' title='bbox 1795 2299 1989 2353; x_wconf 78' lang='lat' dir='ltr'>nolunt</span> <span class='ocrx_word' id='word_1_168' title='bbox 2037 2317 2159 2355; x_wconf 86' lang='lat' dir='ltr'>vero</span> <span class='ocrx_word' id='word_1_169' title='bbox 2206 2300 2384 2354; x_wconf 83' lang='lat' dir='ltr'>locum</span> 
     </span>
     <span class='ocr_line' id='line_1_23' title="bbox 470 2386 1340 2453; baseline -0.001 -15"><span class='ocrx_word' id='word_1_170' title='bbox 470 2387 717 2449; x_wconf 88' lang='lat' dir='ltr'>liberum,</span> <span class='ocrx_word' id='word_1_171' title='bbox 752 2394 817 2436; x_wconf 92' lang='lat' dir='ltr'>ut</span> <span class='ocrx_word' id='word_1_172' title='bbox 854 2386 1027 2448; x_wconf 90' lang='lat' dir='ltr'>aiunt,</span> <span class='ocrx_word' id='word_1_173' title='bbox 1065 2402 1340 2453; x_wconf 87' lang='lat' dir='ltr'>occupare.</span> 
     </span>
    </p>

    <p class='ocr_par' dir='ltr' id='par_1_7' title="bbox 471 2469 2385 2627">
     <span class='ocr_line' id='line_1_24' title="bbox 613 2469 2383 2540; baseline 0.001 -18"><span class='ocrx_word' id='word_1_174' title='bbox 613 2474 667 2524; x_wconf 89' lang='lat'>4.</span> <span class='ocrx_word' id='word_1_175' title='bbox 719 2469 1005 2522; x_wconf 87' lang='lat' dir='ltr'>Conciones</span> <span class='ocrx_word' id='word_1_176' title='bbox 1066 2470 1134 2521; x_wconf 92' lang='lat' dir='ltr'>ab</span> <span class='ocrx_word' id='word_1_177' title='bbox 1194 2471 1374 2538; x_wconf 90' lang='lat' dir='ltr'>aliquo</span> <span class='ocrx_word' id='word_1_178' title='bbox 1433 2470 1715 2540; x_wconf 79' lang='lat' dir='ltr'>insigniori</span> <span class='ocrx_word' id='word_1_179' title='bbox 1763 2470 1910 2522; x_wconf 86' lang='lat' dir='ltr'>verbi</span> <span class='ocrx_word' id='word_1_180' title='bbox 1959 2470 2062 2523; x_wconf 93' lang='lat' dir='ltr'>Dei</span> <span class='ocrx_word' id='word_1_181' title='bbox 2110 2486 2383 2539; x_wconf 87' lang='lat' dir='ltr'>praecone,</span> 
     </span>
     <span class='ocr_line' id='line_1_25' title="bbox 471 2555 2385 2627; baseline 0 -18"><span class='ocrx_word' id='word_1_182' title='bbox 471 2562 593 2627; x_wconf 87' lang='lat' dir='ltr'>post</span> <span class='ocrx_word' id='word_1_183' title='bbox 628 2574 757 2625; x_wconf 91' lang='lat' dir='ltr'>quas</span> <span class='ocrx_word' id='word_1_184' title='bbox 794 2556 1090 2624; x_wconf 87' lang='lat' dir='ltr'>generatim</span> <span class='ocrx_word' id='word_1_185' title='bbox 1126 2572 1220 2622; x_wconf 91' lang='lat' dir='ltr'>pro</span> <span class='ocrx_word' id='word_1_186' title='bbox 1257 2555 1515 2619; x_wconf 91' lang='lat' dir='ltr'>Ecclesia,</span> <span class='ocrx_word' id='word_1_187' title='bbox 1563 2556 1648 2607; x_wconf 91' lang='lat' dir='ltr'>vel</span> <span class='ocrx_word' id='word_1_188' title='bbox 1695 2573 1791 2624; x_wconf 91' lang='lat' dir='ltr'>pro</span> <span class='ocrx_word' id='word_1_189' title='bbox 1839 2555 2043 2624; x_wconf 19' lang='lat' dir='ltr'>aliqua.</span> <span class='ocrx_word' id='word_1_190' title='bbox 2070 2555 2185 2624; x_wconf 89' lang='lat' dir='ltr'>ejus</span> <span class='ocrx_word' id='word_1_191' title='bbox 2232 2561 2385 2624; x_wconf 86' lang='lat' dir='ltr'>parte</span> 
     </span>
    </p>
   </div>
   <div class='ocr_carea' id='block_1_3' title="bbox 471 2647 2384 3822">
    <p class='ocr_par' dir='ltr' id='par_1_8' title="bbox 473 2647 2384 2803">
     <span class='ocr_line' id='line_1_26' title="bbox 473 2647 2384 2715; baseline -0.001 -14"><span class='ocrx_word' id='word_1_192' title='bbox 473 2667 564 2701; x_wconf 93' lang='lat' dir='ltr'>seu</span> <span class='ocrx_word' id='word_1_193' title='bbox 626 2648 995 2711; x_wconf 90' lang='lat' dir='ltr'>attributione,</span> <span class='ocrx_word' id='word_1_194' title='bbox 1055 2647 1381 2715; x_wconf 88' lang='lat' dir='ltr'>colliguntur</span> <span class='ocrx_word' id='word_1_195' title='bbox 1435 2647 1801 2699; x_wconf 87' lang='lat' dir='ltr'>assistentium</span> <span class='ocrx_word' id='word_1_196' title='bbox 1857 2647 2234 2715; x_wconf 82' lang='lat' dir='ltr'>eleemosynae,</span> <span class='ocrx_word' id='word_1_197' title='bbox 2288 2649 2384 2715; x_wconf 90' lang='lat' dir='ltr'>qui</span> 
     </span>
     <span class='ocr_line' id='line_1_27' title="bbox 474 2732 2381 2803; baseline -0.001 -17"><span class='ocrx_word' id='word_1_198' title='bbox 474 2752 623 2803; x_wconf 91' lang='lat' dir='ltr'>saepe</span> <span class='ocrx_word' id='word_1_199' title='bbox 661 2751 725 2785; x_wconf 88' lang='lat' dir='ltr'>ex</span> <span class='ocrx_word' id='word_1_200' title='bbox 761 2733 882 2784; x_wconf 92' lang='lat' dir='ltr'>aliis</span> <span class='ocrx_word' id='word_1_201' title='bbox 918 2734 1415 2803; x_wconf 86' lang='lat' dir='ltr'>congregationibus</span> <span class='ocrx_word' id='word_1_202' title='bbox 1439 2737 1739 2795; x_wconf 88' lang='lat' dir='ltr'>accurrunt,</span> <span class='ocrx_word' id='word_1_203' title='bbox 1765 2733 2064 2800; x_wconf 87' lang='lat' dir='ltr'>stipemque</span> <span class='ocrx_word' id='word_1_204' title='bbox 2088 2732 2381 2786; x_wconf 89' lang='lat' dir='ltr'>conferunt.</span> 
     </span>
    </p>

    <p class='ocr_par' dir='ltr' id='par_1_9' title="bbox 471 2816 2384 3298">
     <span class='ocr_line' id='line_1_28' title="bbox 617 2816 2384 2885; baseline 0.001 -16"><span class='ocrx_word' id='word_1_205' title='bbox 617 2821 667 2870; x_wconf 91' lang='lat'>5.</span> <span class='ocrx_word' id='word_1_206' title='bbox 718 2816 983 2869; x_wconf 83' lang='lat' dir='ltr'>Gollectae</span> <span class='ocrx_word' id='word_1_207' title='bbox 1026 2834 1161 2885; x_wconf 91' lang='lat' dir='ltr'>quae</span> <span class='ocrx_word' id='word_1_208' title='bbox 1203 2817 1289 2868; x_wconf 91' lang='lat' dir='ltr'>vel</span> <span class='ocrx_word' id='word_1_209' title='bbox 1314 2818 1381 2869; x_wconf 93' lang='lat' dir='ltr'>de</span> <span class='ocrx_word' id='word_1_210' title='bbox 1420 2818 1578 2870; x_wconf 93' lang='lat' dir='ltr'>domo</span> <span class='ocrx_word' id='word_1_211' title='bbox 1616 2817 1677 2868; x_wconf 94' lang='lat' dir='ltr'>in</span> <span class='ocrx_word' id='word_1_212' title='bbox 1702 2817 1923 2868; x_wconf 92' lang='lat' dir='ltr'>domum</span> <span class='ocrx_word' id='word_1_213' title='bbox 1946 2816 2104 2879; x_wconf 91' lang='lat' dir='ltr'>fiunt,</span> <span class='ocrx_word' id='word_1_214' title='bbox 2129 2832 2222 2883; x_wconf 88' lang='lat' dir='ltr'>per</span> <span class='ocrx_word' id='word_1_215' title='bbox 2245 2817 2384 2870; x_wconf 86' lang='lat' dir='ltr'>viros</span> 
     </span>
     <span class='ocr_line' id='line_1_29' title="bbox 474 2901 2381 2971; baseline -0.001 -15"><span class='ocrx_word' id='word_1_216' title='bbox 474 2905 542 2956; x_wconf 91' lang='lat' dir='ltr'>ad</span> <span class='ocrx_word' id='word_1_217' title='bbox 563 2904 664 2956; x_wconf 90' lang='lat' dir='ltr'>hoc</span> <span class='ocrx_word' id='word_1_218' title='bbox 689 2904 971 2971; x_wconf 89' lang='lat' dir='ltr'>deputatos</span> <span class='ocrx_word' id='word_1_219' title='bbox 1013 2907 1110 2953; x_wconf 92' lang='lat' dir='ltr'>aut</span> <span class='ocrx_word' id='word_1_220' title='bbox 1133 2919 1226 2970; x_wconf 92' lang='lat' dir='ltr'>per</span> <span class='ocrx_word' id='word_1_221' title='bbox 1250 2902 1528 2955; x_wconf 87' lang='lat' dir='ltr'>societates</span> <span class='ocrx_word' id='word_1_222' title='bbox 1553 2907 1610 2954; x_wconf 94' lang='lat' dir='ltr'>et</span> <span class='ocrx_word' id='word_1_223' title='bbox 1634 2901 2111 2964; x_wconf 77' lang='lat' dir='ltr'>confraternitateS,</span> <span class='ocrx_word' id='word_1_224' title='bbox 2135 2901 2381 2971; x_wconf 88' lang='lat' dir='ltr'>legitime</span> 
     </span>
     <span class='ocr_line' id='line_1_30' title="bbox 471 2986 2380 3058; baseline -0.001 -17"><span class='ocrx_word' id='word_1_225' title='bbox 471 2991 768 3052; x_wconf 80' lang='lat' dir='ltr'>institutaS,</span> <span class='ocrx_word' id='word_1_226' title='bbox 792 2989 877 3040; x_wconf 94' lang='lat' dir='ltr'>vel</span> <span class='ocrx_word' id='word_1_227' title='bbox 903 2989 1190 3058; x_wconf 84' lang='lat' dir='ltr'>exiguntur</span> <span class='ocrx_word' id='word_1_228' title='bbox 1230 3005 1323 3056; x_wconf 90' lang='lat' dir='ltr'>per</span> <span class='ocrx_word' id='word_1_229' title='bbox 1364 2989 1601 3040; x_wconf 91' lang='lat' dir='ltr'>decurias</span> <span class='ocrx_word' id='word_1_230' title='bbox 1643 2991 1741 3039; x_wconf 90' lang='lat' dir='ltr'>aut</span> <span class='ocrx_word' id='word_1_231' title='bbox 1765 2988 2046 3050; x_wconf 74' lang='lat' dir='ltr'>centuriae,</span> <span class='ocrx_word' id='word_1_232' title='bbox 2071 2991 2232 3054; x_wconf 92' lang='lat' dir='ltr'>prout</span> <span class='ocrx_word' id='word_1_233' title='bbox 2264 2986 2380 3040; x_wconf 92' lang='lat' dir='ltr'>fieri</span> 
     </span>
     <span class='ocr_line' id='line_1_31' title="bbox 473 3072 2379 3142; baseline 0 -16"><span class='ocrx_word' id='word_1_234' title='bbox 473 3076 604 3126; x_wconf 90' lang='lat' dir='ltr'>solet</span> <span class='ocrx_word' id='word_1_235' title='bbox 628 3093 660 3127; x_wconf 92' lang='lat' dir='ltr'>a</span> <span class='ocrx_word' id='word_1_236' title='bbox 682 3074 942 3126; x_wconf 90' lang='lat' dir='ltr'>laudabili</span> <span class='ocrx_word' id='word_1_237' title='bbox 986 3073 1254 3125; x_wconf 86' lang='lat' dir='ltr'>Societate</span> <span class='ocrx_word' id='word_1_238' title='bbox 1292 3073 1697 3142; x_wconf 87' lang='lat' dir='ltr'>Propagationis</span> <span class='ocrx_word' id='word_1_239' title='bbox 1740 3072 1899 3124; x_wconf 89' lang='lat' dir='ltr'>Fidei</span> <span class='ocrx_word' id='word_1_240' title='bbox 1941 3075 2268 3139; x_wconf 87' lang='lat' dir='ltr'>nuncupata,</span> <span class='ocrx_word' id='word_1_241' title='bbox 2293 3074 2379 3126; x_wconf 91' lang='lat' dir='ltr'>vel</span> 
     </span>
     <span class='ocr_line' id='line_1_32' title="bbox 473 3157 2373 3229; baseline -0.001 -17"><span class='ocrx_word' id='word_1_242' title='bbox 473 3179 606 3229; x_wconf 89' lang='lat' dir='ltr'>quae</span> <span class='ocrx_word' id='word_1_243' title='bbox 653 3177 685 3211; x_wconf 92' lang='lat' dir='ltr'>a</span> <span class='ocrx_word' id='word_1_244' title='bbox 737 3159 1036 3222; x_wconf 78' lang='lat' dir='ltr'>ditioribuS,</span> <span class='ocrx_word' id='word_1_245' title='bbox 1096 3159 1314 3211; x_wconf 88' lang='lat' dir='ltr'>statutis</span> <span class='ocrx_word' id='word_1_246' title='bbox 1373 3158 1699 3227; x_wconf 86' lang='lat' dir='ltr'>temporibus</span> <span class='ocrx_word' id='word_1_247' title='bbox 1757 3161 1856 3211; x_wconf 87' lang='lat' dir='ltr'>aut</span> <span class='ocrx_word' id='word_1_248' title='bbox 1915 3157 2141 3227; x_wconf 85' lang='lat' dir='ltr'>singulis</span> <span class='ocrx_word' id='word_1_249' title='bbox 2201 3160 2373 3224; x_wconf 89' lang='lat' dir='ltr'>annis,</span> 
     </span>
     <span class='ocr_line' id='line_1_33' title="bbox 481 3246 770 3298; baseline -0.007 0"><span class='ocrx_word' id='word_1_250' title='bbox 481 3246 770 3298; x_wconf 88' lang='lat' dir='ltr'>solvuntur.</span> 
     </span>
    </p>

    <p class='ocr_par' dir='ltr' id='par_1_10' title="bbox 478 3329 2383 3822">
     <span class='ocr_line' id='line_1_34' title="bbox 619 3329 2383 3396; baseline 0 -15"><span class='ocrx_word' id='word_1_251' title='bbox 619 3329 720 3382; x_wconf 92' lang='lat' dir='ltr'>XI.</span> <span class='ocrx_word' id='word_1_252' title='bbox 770 3329 1022 3391; x_wconf 79' lang='lat' dir='ltr'>Quamvis</span> <span class='ocrx_word' id='word_1_253' title='bbox 1046 3329 1294 3396; x_wconf 90' lang='lat' dir='ltr'>equidem</span> <span class='ocrx_word' id='word_1_254' title='bbox 1333 3329 1692 3396; x_wconf 86' lang='lat' dir='ltr'>exoptandum</span> <span class='ocrx_word' id='word_1_255' title='bbox 1735 3331 1890 3391; x_wconf 88' lang='lat' dir='ltr'>esset,</span> <span class='ocrx_word' id='word_1_256' title='bbox 1913 3329 2088 3396; x_wconf 92' lang='lat' dir='ltr'>plures</span> <span class='ocrx_word' id='word_1_257' title='bbox 2131 3346 2196 3380; x_wconf 87' lang='lat' dir='ltr'>ex</span> <span class='ocrx_word' id='word_1_258' title='bbox 2238 3329 2383 3381; x_wconf 83' lang='lat' dir='ltr'>hisce</span> 
     </span>
     <span class='ocr_line' id='line_1_35' title="bbox 478 3413 2380 3481; baseline -0.001 -13"><span class='ocrx_word' id='word_1_259' title='bbox 478 3416 647 3468; x_wconf 90' lang='lat' dir='ltr'>modis</span> <span class='ocrx_word' id='word_1_260' title='bbox 691 3413 1021 3466; x_wconf 89' lang='lat' dir='ltr'>sustentandi</span> <span class='ocrx_word' id='word_1_261' title='bbox 1065 3413 1357 3463; x_wconf 90' lang='lat' dir='ltr'>Ecclesiam</span> <span class='ocrx_word' id='word_1_262' title='bbox 1399 3430 1548 3480; x_wconf 92' lang='lat' dir='ltr'>posse</span> <span class='ocrx_word' id='word_1_263' title='bbox 1588 3431 1618 3464; x_wconf 93' lang='lat' dir='ltr'>e</span> <span class='ocrx_word' id='word_1_264' title='bbox 1653 3413 1832 3464; x_wconf 84' lang='lat' dir='ltr'>medio</span> <span class='ocrx_word' id='word_1_265' title='bbox 1866 3413 2003 3476; x_wconf 92' lang='lat' dir='ltr'>tolli,</span> <span class='ocrx_word' id='word_1_266' title='bbox 2038 3413 2156 3481; x_wconf 90' lang='lat' dir='ltr'>jam</span> <span class='ocrx_word' id='word_1_267' title='bbox 2199 3417 2380 3466; x_wconf 91' lang='lat' dir='ltr'>tamen</span> 
     </span>
     <span class='ocr_line' id='line_1_36' title="bbox 478 3497 2379 3568; baseline 0 -17"><span class='ocrx_word' id='word_1_268' title='bbox 478 3499 803 3568; x_wconf 81' lang='lat' dir='ltr'>experientia</span> <span class='ocrx_word' id='word_1_269' title='bbox 845 3498 1028 3549; x_wconf 85' lang='lat' dir='ltr'>docuit</span> <span class='ocrx_word' id='word_1_270' title='bbox 1066 3497 1240 3548; x_wconf 90' lang='lat' dir='ltr'>adhuc</span> <span class='ocrx_word' id='word_1_271' title='bbox 1281 3497 1611 3564; x_wconf 92' lang='lat' dir='ltr'>impossibile</span> <span class='ocrx_word' id='word_1_272' title='bbox 1649 3515 1756 3549; x_wconf 92' lang='lat' dir='ltr'>esse</span> <span class='ocrx_word' id='word_1_273' title='bbox 1805 3498 2004 3549; x_wconf 88' lang='lat' dir='ltr'>talibus</span> <span class='ocrx_word' id='word_1_274' title='bbox 2053 3499 2379 3565; x_wconf 87' lang='lat' dir='ltr'>adjumentis</span> 
     </span>
     <span class='ocr_line' id='line_1_37' title="bbox 479 3583 2382 3654; baseline 0.001 -18"><span class='ocrx_word' id='word_1_275' title='bbox 479 3586 624 3637; x_wconf 84' lang='lat' dir='ltr'>omni</span> <span class='ocrx_word' id='word_1_276' title='bbox 648 3601 713 3635; x_wconf 88' lang='lat' dir='ltr'>ex</span> <span class='ocrx_word' id='word_1_277' title='bbox 736 3587 886 3652; x_wconf 88' lang='lat' dir='ltr'>parte</span> <span class='ocrx_word' id='word_1_278' title='bbox 911 3584 1254 3651; x_wconf 89' lang='lat' dir='ltr'>supersedere.</span> <span class='ocrx_word' id='word_1_279' title='bbox 1331 3583 1440 3635; x_wconf 90' lang='lat' dir='ltr'>Ubi</span> <span class='ocrx_word' id='word_1_280' title='bbox 1466 3585 1635 3654; x_wconf 86' lang='lat' dir='ltr'>igitur</span> <span class='ocrx_word' id='word_1_281' title='bbox 1658 3601 1782 3636; x_wconf 91' lang='lat' dir='ltr'>usus</span> <span class='ocrx_word' id='word_1_282' title='bbox 1805 3584 1923 3652; x_wconf 91' lang='lat' dir='ltr'>jam</span> <span class='ocrx_word' id='word_1_283' title='bbox 1948 3584 2187 3653; x_wconf 87' lang='lat' dir='ltr'>inviguit</span> <span class='ocrx_word' id='word_1_284' title='bbox 2212 3601 2382 3637; x_wconf 93' lang='lat' dir='ltr'>unum</span> 
     </span>
     <span class='ocr_line' id='line_1_38' title="bbox 480 3668 2380 3738; baseline -0.001 -16"><span class='ocrx_word' id='word_1_285' title='bbox 480 3671 564 3722; x_wconf 85' lang='lat' dir='ltr'>vel</span> <span class='ocrx_word' id='word_1_286' title='bbox 586 3671 763 3738; x_wconf 85' lang='lat' dir='ltr'>plures</span> <span class='ocrx_word' id='word_1_287' title='bbox 803 3686 868 3721; x_wconf 86' lang='lat' dir='ltr'>ex</span> <span class='ocrx_word' id='word_1_288' title='bbox 906 3669 1035 3736; x_wconf 92' lang='lat' dir='ltr'>ipsis</span> <span class='ocrx_word' id='word_1_289' title='bbox 1074 3668 1380 3731; x_wconf 88' lang='lat' dir='ltr'>adhibendi,</span> <span class='ocrx_word' id='word_1_290' title='bbox 1405 3670 1703 3720; x_wconf 90' lang='lat' dir='ltr'>continuari</span> <span class='ocrx_word' id='word_1_291' title='bbox 1742 3670 1822 3720; x_wconf 90' lang='lat' dir='ltr'>ita</span> <span class='ocrx_word' id='word_1_292' title='bbox 1847 3670 2019 3732; x_wconf 90' lang='lat' dir='ltr'>debet,</span> <span class='ocrx_word' id='word_1_293' title='bbox 2047 3674 2109 3720; x_wconf 92' lang='lat' dir='ltr'>ut</span> <span class='ocrx_word' id='word_1_294' title='bbox 2150 3670 2298 3721; x_wconf 90' lang='lat' dir='ltr'>nulla</span> <span class='ocrx_word' id='word_1_295' title='bbox 2322 3671 2380 3721; x_wconf 91' lang='lat' dir='ltr'>in</span> 
     </span>
     <span class='ocr_line' id='line_1_39' title="bbox 480 3753 2380 3822; baseline 0 -16"><span class='ocrx_word' id='word_1_296' title='bbox 480 3756 555 3806; x_wconf 88' lang='lat' dir='ltr'>eis</span> <span class='ocrx_word' id='word_1_297' title='bbox 578 3754 852 3807; x_wconf 86' lang='lat' dir='ltr'>innovatio</span> <span class='ocrx_word' id='word_1_298' title='bbox 878 3755 1072 3821; x_wconf 91' lang='lat' dir='ltr'>absque</span> <span class='ocrx_word' id='word_1_299' title='bbox 1097 3753 1351 3822; x_wconf 90' lang='lat' dir='ltr'>Episcopi</span> <span class='ocrx_word' id='word_1_300' title='bbox 1377 3755 1594 3807; x_wconf 90' lang='lat' dir='ltr'>arbitrio</span> <span class='ocrx_word' id='word_1_301' title='bbox 1619 3756 2002 3807; x_wconf 85' lang='lat' dir='ltr'>introducatur.</span> <span class='ocrx_word' id='word_1_302' title='bbox 2066 3755 2380 3806; x_wconf 87' lang='lat' dir='ltr'>Praesertim</span> 
     </span>
    </p>
   </div>
  </div>
 </body>
</html>
