2514 4504
431 428 510 490 74
771 425 774 429 ’
1008 445 1163 487 core.
1209 443 1372 485 PROV.
1416 442 1638 485 wmer.
1681 444 1719 484 1.

421 605 587 652 ventu
621 600 805 652 habito
830 602 915 652 die
950 602 981 652 5
1007 599 1224 667 ApriliS,
1254 601 1410 662 1852,
1435 602 1645 650 attento
1671 599 1813 666 quod
1839 598 1982 649 haud
2006 614 2120 651 raro
2143 615 2320 651 neces-

421 687 617 737 sarium
661 686 745 737 vel
787 690 1145 754 opportunum
1193 684 1481 753 admodum
1522 684 1735 746 existat,
1778 688 1843 734 ut
1890 684 2058 735 iidem
2105 684 2327 736 admitti

420 772 624 838 possint
649 772 715 822 ad
739 770 1068 838 pontificalia
1093 770 1378 821 exercenda
1413 770 1472 819 in
1504 768 1624 819 aliis
1648 768 1875 836 Angliae
1907 769 2076 836 ipsius
2100 770 2329 822 dioeces-

420 855 556 919 ibus,
605 856 890 923 aliquando
951 856 1116 907 etiam
1176 855 1234 906 in
1295 855 1549 922 proximis
1590 855 1896 923 regionibus
1939 855 2230 908 Hiberniae
2271 859 2329 908 et

423 940 662 1001 Scotiae3
725 942 932 992 censuit
988 940 1397 1008 supplicandum
1441 938 1788 991 Sanctissimo
1852 957 1947 1008 pro
2004 940 2328 993 relaxatione

420 1031 741 1077 memoratae
774 1026 1113 1077 inhibitionis
1143 1027 1200 1076 in
1226 1026 1456 1076 favorem
1483 1025 1866 1092 Episcoporum
1890 1025 2118 1094 Angliae
2153 1027 2328 1093 quoad

419 1112 523 1160 tria
564 1129 725 1180 regna
767 1112 939 1174 unita,
965 1111 1023 1160 in
1052 1111 1246 1178 quibus
1277 1110 1496 1178 proinde
1535 1110 1603 1161 de
1644 1126 1898 1161 consensu
1933 1110 2328 1163 ordinariorum

420 1196 751 1263 pontificalia
775 1197 940 1247 iidem
965 1213 1198 1247 exercere
1223 1196 1453 1247 valeant.

565 1281 719 1331 Hanc
786 1299 905 1332 vero
974 1280 1027 1332 S.
1092 1279 1531 1349 Congregationis
1592 1281 1916 1332 sententiam
1978 1279 2325 1335 Sanctissimo

420 1365 648 1416 Domino
673 1365 864 1417 Nostro
891 1366 990 1417 Pio
1015 1366 1193 1434 Papae
1213 1367 1314 1429 IX,
1340 1366 1408 1416 ab
1426 1366 1760 1433 infrascripto
1786 1367 2062 1419 secretario
2086 1367 2328 1431 relatam,

420 1452 479 1502 in
526 1451 797 1502 audientia
846 1451 955 1502 diei
1006 1452 1037 1503 6
1088 1451 1326 1519 ejusdem
1366 1451 1578 1514 mensiS,
1618 1454 1675 1501 et
1717 1451 1865 1515 anni,
1909 1450 2178 1504 Sanctitas
2222 1452 2329 1504 Sua

419 1536 646 1605 benigne
684 1537 944 1604 probavit,
986 1541 1042 1588 et
1071 1537 1232 1605 juxta
1274 1537 1603 1604 propositum
1627 1540 1865 1588 tenorem
1890 1537 2174 1590 facultates
2205 1554 2329 1589 con-

420 1623 606 1674 cessit:
645 1623 918 1673 contrariis
943 1623 1365 1690 quibuscumque
1389 1622 1533 1673 haud
1558 1622 1907 1674 obstantibus.

564 1706 783 1770 Datum,
810 1710 932 1769 etc.,
958 1709 1021 1756 21
1052 1706 1266 1774 Aprilis,
1296 1708 1452 1757 1852.

878 1861 932 1913 ᾧ
1346 1790 1399 1842 J.
1438 1791 1543 1842 PH.
1585 1791 1891 1855 FRANsom,
1933 1790 2257 1862 Praefectus

776 1861 842 1917 L.
970 1861 1026 1915 δ’
1460 1935 1543 1985 Al.
1584 1934 1864 1999 nmine»,
1889 1952 1926 1988 a
1954 1939 2183 1990 sacrem.

1125 2056 1616 2065 Q———vss

1269 2141 1473 2193 XXIV.

908 2273 1007 2325 DE
1055 2273 1337 2325 HABITU
1388 2273 1833 2327 CANONICALI

776 2405 855 2455 IN
909 2405 1229 2470 EOCLESIA
1285 2405 1579 2454 PROPRIA
1635 2407 1965 2456 GERENDO.

421 2540 735 2591 Beatissime
760 2538 939 2602 Pater,

566 2623 701 2676 Cum
736 2641 849 2674 raro
885 2623 1174 2674 admodum
1213 2623 1272 2673 in
1296 2622 1491 2692 Anglia
1523 2625 1730 2691 possint
1762 2625 2006 2677 canonici
2030 2627 2326 2691 convenire,

420 2727 712 2779 congruum
750 2712 932 2759 autem
956 2708 1196 2758 videatur
1233 2712 1298 2758 ut
1337 2709 1661 2760 distinctiori
1703 2708 1894 2761 habitu
1931 2711 2062 2778 ipsis
2086 2729 2327 2763 concesso

420 2796 748 2863 frequentius
789 2794 1002 2845 valeant
1042 2795 1145 2855 uti,
1188 2793 1626 2861 Archiepiscopus
1649 2794 2225 2848 Westmonasteriensis
2268 2801 2325 2847 et

422 2881 673 2949 Episcopi
696 2881 764 2931 ad
788 2879 1109 2947 provinciale
1135 2878 1432 2930 Concilium
1462 2879 1673 2930 collecti
1706 2880 2010 2931 humillime
2042 2885 2239 2949 petunt
2262 2867 2326 2932 ut

422 2967 702 3017 canonicus
750 2966 980 3032 quilibet
1027 2966 1085 3015 in
1135 2964 1372 3033 Ecclesia
1419 2966 1508 3015 cui
1556 2965 1792 3029 inservit,
1843 2967 2055 3017 etiamsi
2101 2983 2211 3018 non
2253 2967 2325 3017 sit

423 3050 765 3111 CathedraliS,
790 3049 1036 3099 habitum
1061 3048 1420 3098 canonicalem
1446 3049 1642 3099 deferre
1666 3049 1858 3101 valeat.

564 3134 648 3184 Ex
673 3135 945 3184 audientia
971 3132 1302 3184 Sanctissimi
1327 3133 1512 3184 habita
1537 3134 1625 3183 die
1654 3135 1719 3183 13
1743 3134 1950 3199 Martii,
1982 3137 2138 3199 1853,

565 3219 937 3271 sanctissimus
970 3218 1231 3268 Dominus
1255 3217 1444 3268 Noster
1468 3217 1597 3268 Pius
1627 3219 1810 3268 divina
1846 3220 2179 3286 providentia
2212 3220 2322 3274 PP.

421 3306 524 3368 IX,
546 3305 801 3355 referente
829 3321 916 3353 me
951 3303 1284 3370 infrascripto
1323 3301 1375 3353 S.
1405 3302 1837 3371 Congregationis
1877 3304 1943 3355 de
1976 3305 2323 3374 Propaganda

420 3392 556 3442 Fide
581 3390 870 3452 secretario,
897 3406 960 3439 ex
989 3393 1111 3438 voto
1139 3387 1189 3438 S.
1215 3386 1271 3438 G.
1290 3387 1518 3456 benigne
1545 3389 1785 3456 precibus
1810 3390 2020 3453 annuit,
2046 3390 2321 3441 contrariis

420 3477 840 3545 quibuscumque
864 3474 1006 3524 haud
1032 3474 1381 3524 obstantibus.

561 3561 762 3612 Datum
787 3560 985 3611 Romae
1007 3576 1072 3609 ex
1089 3558 1218 3610 Aed.
1246 3558 1299 3610 S.
1321 3557 1772 3627 CongregationiS,
1797 3559 1883 3610 die
1902 3561 1968 3609 14
1985 3559 2141 3621 Maii,
2164 3561 2318 3610 1853

1514 3643 1598 3694 Al.
1625 3643 1906 3706 BARNARo,
1943 3660 1980 3694 α
2015 3642 2245 3695 secretis.

705 3729 767 3780 L.
795 3727 846 3779 ’Β
872 3727 925 3778 S.
