2514 4504
978 510 1224 554 APPEND.
1258 508 1364 552 v11.
2034 488 2113 552 57

199 682 269 720 ,ac
308 666 532 736 singulis
564 664 902 717 Dioecesibus
945 663 1010 714 ad
1048 660 1322 712 tramitem
1360 675 1622 711 sacrorum
1659 675 1922 710 canonum
1951 664 2123 711 essent

207 751 626 803 constituendae.
680 751 840 802 Porro
860 747 1330 800 Eminentissimus
1349 763 1410 797 ac
1429 745 1917 797 Reverendissimus
1938 746 2124 797 Domi-

207 852 306 887 nus
332 835 386 888 S.
412 837 477 888 R.
505 837 569 888 E.
598 835 889 888 Cardinalis
918 834 971 885 N
973 834 1171 885 icolaus
1196 832 1470 883 Wiseman
1494 832 1930 899 Archiepiscopus
1949 831 2123 881 West-

208 922 652 986 monasteriensis,
702 921 908 973 collatis
957 936 1166 988 quoque
1216 917 1450 969 consiliis
1500 934 1625 968 cum
1675 917 1791 968 RR.
1843 916 1952 967 ΡΡ.
2006 916 2122 966 DD.

208 1006 446 1077 Anglicis
472 1008 766 1077 EpiscopiS,
792 1007 1117 1076 significavit
1141 1004 1423 1056 nonnullas
1448 1004 1695 1055 civitates
1720 1003 1778 1054 in
1805 1002 2125 1071 episcopales

208 1094 354 1145 sedes
378 1095 611 1146 adlectas
635 1093 768 1146 talia
786 1094 960 1145 adhuc
978 1091 1122 1144 haud
1146 1091 1337 1143 habere
1355 1090 1578 1159 templa,
1594 1106 1730 1158 quae
1748 1089 2125 1157 amplitudine,

208 1179 627 1249 magnificentia,
674 1183 839 1247 atque
887 1177 1193 1230 omnimoda
1242 1162 1666 1245 opportunitate,
1713 1178 2019 1227 mereantur
2067 1175 2125 1226 in

209 1267 529 1332 perpetuum
555 1262 753 1315 assumi
778 1263 837 1314 in
863 1261 1125 1313 Ecclesias
1152 1258 1507 1312 CathedraleS.

352 1349 580 1402 Proinde
604 1365 780 1417 preces
805 1347 1165 1416 porriguntur,
1188 1350 1255 1397 ut
1277 1362 1371 1414 pro
1390 1343 1880 1414 Birminghamensi
1905 1343 2126 1412 quidem

210 1434 463 1498 Ecclesia,
509 1433 822 1487 Cathedrale
866 1433 1150 1501 Templum
1184 1432 1561 1495 constituatur,
1589 1430 1732 1499 quod
1776 1431 1837 1482 in
1875 1429 2127 1481 honorem

211 1520 267 1573 S.
295 1520 532 1574 Ceaddae
559 1521 811 1589 Episcopi
835 1524 892 1571 et
917 1519 1233 1573 Confessoris
1258 1518 1499 1570 dicatum
1523 1518 1818 1586 reperitur3
1842 1533 1937 1585 pro
1964 1516 2128 1569 Suth-

211 1608 457 1659 warcensi
484 1607 537 1660 S.
566 1606 808 1677 Georgii3
842 1622 935 1674 pro
961 1605 1010 1656 N
1014 1605 1457 1674 ottinghamiensi
1478 1603 1532 1656 S.
1554 1603 1828 1655 Barnabae
1851 1602 2127 1671 Apostoli3

210 1710 305 1762 pro
339 1692 680 1745 Salfordiensi
715 1691 770 1744 S.
804 1691 840 1743 J
842 1692 1026 1743 oannis
1050 1690 1329 1758 Apostoli:
1374 1689 1782 1758 Archiepiscopo
1806 1706 1928 1740 vero
1951 1688 2129 1739 West-

212 1778 629 1842 monasteriensi,
654 1778 977 1845 caeterisque
1004 1776 1280 1845 Episcopis
1306 1776 1532 1827 facultas
1565 1776 1722 1827 detur
1746 1774 2129 1838 constituendi,

213 1865 327 1917 vice
345 1863 670 1917 Cathedralis
691 1863 975 1927 Ecclesiae,
994 1862 1280 1931 provisoria
1298 1861 1505 1912 ratione
1523 1861 1790 1929 templum
1809 1862 1951 1929 quod
1969 1861 2129 1912 modo

213 1951 560 2020 opportunius
598 1954 805 2019 praesto
848 1950 936 2013 sit,
979 1953 1043 2000 ut
1085 1948 1306 2000 interim
1349 1947 1530 1998 omnia
1566 1947 1770 2000 ibidem
1806 1951 2129 2017 peragantur

214 2036 383 2089 veluti
424 2037 483 2087 in
525 2036 762 2088 Ecclesia
811 2033 1133 2098 Cathedrali,
1175 2050 1310 2101 quae
1354 2034 1548 2085 deinde
1597 2034 1700 2085 erit
1748 2050 1842 2086 suo
1891 2036 2129 2102 tempore

213 2122 537 2193 designanda
560 2126 723 2190 atque
746 2121 806 2173 in
830 2124 1150 2190 perpetuum
1175 2120 1566 2171 constituenda.

357 2206 494 2261 Cum
517 2224 639 2260 vero
664 2225 842 2276 preces
866 2207 1175 2276 hujusmodi
1205 2205 1545 2257 rationabiles
1570 2207 1713 2258 visae
1737 2205 1847 2258 sint
1871 2205 2130 2257 Eminen-

213 2294 434 2347 tissimis
458 2294 708 2346 Patribus
735 2293 789 2346 S.
817 2292 1253 2363 Congregationis
1290 2292 1349 2342 in
1382 2292 1615 2361 generali
1652 2296 1919 2344 conventu
1943 2293 2128 2351 habito

212 2381 301 2433 die
326 2382 358 2433 5
385 2380 598 2449 Aprilis,
622 2379 1001 2433 Sanctissimus
1026 2379 1092 2430 D.
1110 2378 1178 2430 N.
1200 2378 1331 2430 Pius
1357 2378 1505 2446 Papa
1531 2378 1630 2442 IX,
1659 2379 1846 2430 audita
1869 2378 2128 2430 relatione

212 2484 303 2535 per
361 2466 756 2535 infrascriptum
816 2467 1154 2518 secretarium
1215 2465 1259 2533 ej
1267 2465 1454 2516 usdem
1516 2464 1570 2517 S.
1623 2463 1680 2517 C.
1737 2465 2008 2533 proposita
2068 2466 2125 2515 in

212 2554 487 2606 audientia
533 2554 641 2606 diei
691 2554 724 2606 6
774 2553 818 2622 ej
826 2553 1011 2605 usdem
1053 2552 1249 2604 mensis
1296 2556 1353 2603 et
1397 2552 1544 2615 anni,
1587 2552 1815 2620 benigne
1859 2551 1973 2602 EE.
2014 2550 2125 2601 PP.

213 2639 533 2692 sententiam
580 2639 842 2708 probavit,
884 2656 947 2691 ac
988 2639 1229 2707 precibus
1276 2655 1370 2706 pro
1417 2641 1645 2706 utraque
1688 2640 1839 2706 parte
1881 2637 2128 2700 indulsit,

214 2724 487 2778 contrariis
511 2724 916 2792 quibuscunque
939 2740 1048 2775 non
1073 2723 1426 2775 obstantibus·
1508 2782 1510 2785 f

357 2809 579 2875 Datum,
602 2813 726 2873 etc„
750 2810 817 2860 21
845 2808 1061 2877 Aprilis,
1093 2809 1247 2860 1852.

1261 2893 1345 2945 Al.
1384 2892 1667 2956 ΒΑΒΝΑΒὸ,
1686 2890 2047 2946 Secretarius.

1096 3122 1251 3184 VII.

362 3277 575 3332 CIRCA
636 3276 1240 3331 COMMENDANDOS
1301 3277 1398 3328 AD
1458 3276 1992 3332 EPISCOPATUM.

479 3407 812 3447 ms'rauc'rro
836 3407 879 3446 s·
907 3406 1071 3446 com.
1098 3407 1171 3445 DE
1195 3406 1350 3444 PROP.
1377 3406 1510 3445 ΗΒΕ
1532 3406 1638 3445 PRO
1661 3405 1888 3445 ANGLIA.

364 3528 443 3582 Ut
486 3529 754 3580 Ecclesiae
789 3529 994 3580 noviter
1036 3545 1130 3596 per
1166 3527 1573 3579 Sanctissimum
1611 3528 1675 3578 D.
1704 3528 1772 3578 N.
1812 3530 1869 3578 in
1906 3528 2131 3597 Angliae

217 3630 377 3684 regno
419 3616 742 3666 constitutae
783 3614 955 3684 magis
997 3615 1055 3664 in
1093 3614 1205 3664 dies
1249 3612 1486 3677 floreant,
1510 3614 1804 3680 iisdemq'ue
1842 3614 2130 3665 Antistites

202 3720 207 3725 ·
213 3699 419 3768 jugiter
477 3700 848 3767 praeficiantur
897 3700 989 3767 qui
1040 3699 1181 3750 vitae
1243 3699 1524 3766 probitate,
1573 3699 1831 3760 doctrina,
1882 3699 2007 3762 ze10‚
2069 3716 2129 3750 ac

200 3785 506 3853 'prudentia
542 3785 917 3854 spectatissimi
955 3785 1221 3844 existant3
1274 3788 1724 3851 peropportunum
1766 3784 1934 3835 visum
1962 3789 2058 3848 est,
2086 3786 2127 3835 si
