<?xml version="1.0" encoding="UTF-8"?>
<!DOCTYPE html PUBLIC "-//W3C//DTD XHTML 1.0 Transitional//EN"
    "http://www.w3.org/TR/xhtml1/DTD/xhtml1-transitional.dtd">
<html xmlns="http://www.w3.org/1999/xhtml" xml:lang="en" lang="en">
 <head>
  <title>
</title>
<meta http-equiv="Content-Type" content="text/html;charset=utf-8" />
  <meta name='ocr-system' content='tesseract 3.04.00' />
  <meta name='ocr-capabilities' content='ocr_page ocr_carea ocr_par ocr_line ocrx_word'/>
</head>
<body>
  <div class='ocr_page' id='page_1' title='image "a613743300cathuoft_0034.png"; bbox 0 0 2514 4504; ppageno 0'>
   <div class='ocr_carea' id='block_1_1' title="bbox 426 417 1717 480">
    <p class='ocr_par' dir='ltr' id='par_1_1' title="bbox 426 417 1717 480">
     <span class='ocr_line' id='line_1_1' title="bbox 426 417 1717 480; baseline 0.001 -4"><span class='ocrx_word' id='word_1_1' title='bbox 426 417 504 476; x_wconf 87' lang='grc'>16</span> <span class='ocrx_word' id='word_1_2' title='bbox 997 436 1158 480; x_wconf 57' lang='lat' dir='ltr'>corto.</span> <span class='ocrx_word' id='word_1_3' title='bbox 1205 438 1367 480; x_wconf 79' lang='lat' dir='ltr'>PRov.</span> <span class='ocrx_word' id='word_1_4' title='bbox 1417 436 1633 480; x_wconf 74' lang='lat' dir='ltr'>wss&#39;rM.</span> <span class='ocrx_word' id='word_1_5' title='bbox 1678 437 1717 477; x_wconf 93' lang='lat'>1.</span> 
     </span>
    </p>
   </div>
   <div class='ocr_carea' id='block_1_2' title="bbox 414 575 2315 1762">
    <p class='ocr_par' dir='ltr' id='par_1_2' title="bbox 416 575 2311 735">
     <span class='ocr_line' id='line_1_2' title="bbox 416 575 2311 650; baseline -0.004 -16"><span class='ocrx_word' id='word_1_6' title='bbox 416 584 683 650; x_wconf 90' lang='lat' dir='ltr'>privatim,</span> <span class='ocrx_word' id='word_1_7' title='bbox 724 601 847 635; x_wconf 89' lang='lat' dir='ltr'>cum</span> <span class='ocrx_word' id='word_1_8' title='bbox 886 600 1022 650; x_wconf 87' lang='lat' dir='ltr'>aqua</span> <span class='ocrx_word' id='word_1_9' title='bbox 1054 581 1256 633; x_wconf 91' lang='lat' dir='ltr'>lustrali</span> <span class='ocrx_word' id='word_1_10' title='bbox 1294 585 1350 632; x_wconf 84' lang='lat' dir='ltr'>et</span> <span class='ocrx_word' id='word_1_11' title='bbox 1384 580 1578 647; x_wconf 84' lang='lat' dir='ltr'>absque</span> <span class='ocrx_word' id='word_1_12' title='bbox 1614 578 1971 631; x_wconf 68' lang='lat' dir='ltr'>caeremoniis⁶</span> <span class='ocrx_word' id='word_1_13' title='bbox 2046 575 2311 630; x_wconf 80' lang='lat' dir='ltr'>Confessio</span> 
     </span>
     <span class='ocr_line' id='line_1_3' title="bbox 417 659 2071 735; baseline -0.003 -15"><span class='ocrx_word' id='word_1_14' title='bbox 417 670 580 720; x_wconf 85' lang='lat' dir='ltr'>etiam</span> <span class='ocrx_word' id='word_1_15' title='bbox 607 669 993 720; x_wconf 88' lang='lat' dir='ltr'>sacramentalis</span> <span class='ocrx_word' id='word_1_16' title='bbox 1019 684 1220 735; x_wconf 81' lang='lat' dir='ltr'>semper</span> <span class='ocrx_word' id='word_1_17' title='bbox 1245 668 1302 716; x_wconf 88' lang='lat' dir='ltr'>in</span> <span class='ocrx_word' id='word_1_18' title='bbox 1327 666 1424 717; x_wconf 88' lang='lat' dir='ltr'>tali</span> <span class='ocrx_word' id='word_1_19' title='bbox 1450 681 1572 716; x_wconf 90' lang='lat' dir='ltr'>casu</span> <span class='ocrx_word' id='word_1_20' title='bbox 1591 668 1672 716; x_wconf 89' lang='lat' dir='ltr'>est</span> <span class='ocrx_word' id='word_1_21' title='bbox 1696 664 1972 733; x_wconf 89' lang='lat' dir='ltr'>exigenda.</span> <span class='ocrx_word' id='word_1_22' title='bbox 2069 659 2071 661; x_wconf 39' lang='lat'>¹</span> 
     </span>
    </p>

    <p class='ocr_par' dir='ltr' id='par_1_3' title="bbox 414 748 2315 1591">
     <span class='ocr_line' id='line_1_4' title="bbox 558 748 2312 819; baseline -0.004 -14"><span class='ocrx_word' id='word_1_23' title='bbox 558 757 607 805; x_wconf 87' lang='lat'>9.</span> <span class='ocrx_word' id='word_1_24' title='bbox 658 755 834 815; x_wconf 84' lang='lat' dir='ltr'>Quum</span> <span class='ocrx_word' id='word_1_25' title='bbox 870 754 1115 804; x_wconf 90' lang='lat' dir='ltr'>mulieres</span> <span class='ocrx_word' id='word_1_26' title='bbox 1155 752 1444 802; x_wconf 86' lang='lat' dir='ltr'>catholicae</span> <span class='ocrx_word' id='word_1_27' title='bbox 1485 767 1518 801; x_wconf 92' lang='lat' dir='ltr'>a</span> <span class='ocrx_word' id='word_1_28' title='bbox 1554 750 1810 819; x_wconf 89' lang='lat' dir='ltr'>chirurgis</span> <span class='ocrx_word' id='word_1_29' title='bbox 1848 755 1904 801; x_wconf 88' lang='lat' dir='ltr'>et</span> <span class='ocrx_word' id='word_1_30' title='bbox 1939 748 2312 802; x_wconf 72' lang='lat' dir='ltr'>obstetricibus</span> 
     </span>
     <span class='ocr_line' id='line_1_5' title="bbox 415 834 2313 910; baseline -0.005 -17"><span class='ocrx_word' id='word_1_31' title='bbox 415 843 720 895; x_wconf 71' lang='lat' dir='ltr'>acatholicis</span> <span class='ocrx_word' id='word_1_32' title='bbox 745 843 1043 910; x_wconf 82' lang='lat' dir='ltr'>saepissime</span> <span class='ocrx_word' id='word_1_33' title='bbox 1068 845 1376 902; x_wconf 85' lang='lat' dir='ltr'>tractentur,</span> <span class='ocrx_word' id='word_1_34' title='bbox 1415 839 1609 906; x_wconf 86' lang='lat' dir='ltr'>quibus</span> <span class='ocrx_word' id='word_1_35' title='bbox 1634 838 1700 888; x_wconf 92' lang='lat' dir='ltr'>de</span> <span class='ocrx_word' id='word_1_36' title='bbox 1724 838 2043 904; x_wconf 87' lang='lat' dir='ltr'>baptizando</span> <span class='ocrx_word' id='word_1_37' title='bbox 2068 834 2313 906; x_wconf 88' lang='lat' dir='ltr'>parvulos</span> 
     </span>
     <span class='ocr_line' id='line_1_6' title="bbox 415 924 2314 996; baseline -0.004 -17"><span class='ocrx_word' id='word_1_38' title='bbox 415 929 474 979; x_wconf 93' lang='lat' dir='ltr'>in</span> <span class='ocrx_word' id='word_1_39' title='bbox 497 929 730 996; x_wconf 89' lang='lat' dir='ltr'>periculo</span> <span class='ocrx_word' id='word_1_40' title='bbox 766 928 1084 979; x_wconf 87' lang='lat' dir='ltr'>constitutos</span> <span class='ocrx_word' id='word_1_41' title='bbox 1107 926 1394 993; x_wconf 89' lang='lat' dir='ltr'>nequidem</span> <span class='ocrx_word' id='word_1_42' title='bbox 1419 924 1548 975; x_wconf 90' lang='lat' dir='ltr'>levis</span> <span class='ocrx_word' id='word_1_43' title='bbox 1573 928 1655 975; x_wconf 90' lang='lat' dir='ltr'>est</span> <span class='ocrx_word' id='word_1_44' title='bbox 1690 941 1830 986; x_wconf 91' lang='lat' dir='ltr'>cura,</span> <span class='ocrx_word' id='word_1_45' title='bbox 1855 924 2154 976; x_wconf 89' lang='lat' dir='ltr'>instruendi</span> <span class='ocrx_word' id='word_1_46' title='bbox 2186 924 2314 974; x_wconf 89' lang='lat' dir='ltr'>sunt</span> 
     </span>
     <span class='ocr_line' id='line_1_7' title="bbox 416 1009 2314 1082; baseline -0.004 -18"><span class='ocrx_word' id='word_1_47' title='bbox 416 1014 594 1064; x_wconf 87' lang='lat' dir='ltr'>sedulo</span> <span class='ocrx_word' id='word_1_48' title='bbox 633 1013 813 1064; x_wconf 88' lang='lat' dir='ltr'>fideles</span> <span class='ocrx_word' id='word_1_49' title='bbox 850 1014 1125 1079; x_wconf 91' lang='lat' dir='ltr'>utriusque</span> <span class='ocrx_word' id='word_1_50' title='bbox 1165 1029 1314 1063; x_wconf 84' lang='lat' dir='ltr'>sexus</span> <span class='ocrx_word' id='word_1_51' title='bbox 1352 1012 1418 1062; x_wconf 91' lang='lat' dir='ltr'>de</span> <span class='ocrx_word' id='word_1_52' title='bbox 1455 1010 1612 1061; x_wconf 93' lang='lat' dir='ltr'>modo</span> <span class='ocrx_word' id='word_1_53' title='bbox 1648 1009 1957 1076; x_wconf 88' lang='lat' dir='ltr'>baptizandi</span> <span class='ocrx_word' id='word_1_54' title='bbox 1998 1009 2059 1059; x_wconf 91' lang='lat' dir='ltr'>in</span> <span class='ocrx_word' id='word_1_55' title='bbox 2083 1025 2225 1082; x_wconf 84' lang='lat' dir='ltr'>casu,</span> <span class='ocrx_word' id='word_1_56' title='bbox 2249 1010 2314 1058; x_wconf 86' lang='lat' dir='ltr'>ut</span> 
     </span>
     <span class='ocr_line' id='line_1_8' title="bbox 414 1081 2315 1161; baseline -0.002 -13"><span class='ocrx_word' id='word_1_57' title='bbox 414 1098 586 1161; x_wconf 89' lang='lat' dir='ltr'>aiunt,</span> <span class='ocrx_word' id='word_1_58' title='bbox 644 1081 974 1148; x_wconf 73' lang='lat' dir='ltr'>necessitatis</span> <span class='ocrx_word' id='word_1_59' title='bbox 1000 1115 1015 1158; x_wconf 84' lang='lat'><em>3</em></span> <span class='ocrx_word' id='word_1_60' title='bbox 1075 1100 1139 1146; x_wconf 88' lang='lat' dir='ltr'>ut</span> <span class='ocrx_word' id='word_1_61' title='bbox 1187 1096 1360 1146; x_wconf 87' lang='lat' dir='ltr'>infans</span> <span class='ocrx_word' id='word_1_62' title='bbox 1407 1094 1587 1144; x_wconf 87' lang='lat' dir='ltr'>nullus</span> <span class='ocrx_word' id='word_1_63' title='bbox 1647 1093 1913 1144; x_wconf 87' lang='lat' dir='ltr'>discedere</span> <span class='ocrx_word' id='word_1_64' title='bbox 1969 1094 2315 1161; x_wconf 72' lang='lat' dir='ltr'>permittatur</span> 
     </span>
     <span class='ocr_line' id='line_1_9' title="bbox 414 1178 2315 1251; baseline -0.002 -18"><span class='ocrx_word' id='word_1_65' title='bbox 414 1183 610 1250; x_wconf 89' lang='lat' dir='ltr'>absque</span> <span class='ocrx_word' id='word_1_66' title='bbox 633 1182 731 1233; x_wconf 90' lang='lat' dir='ltr'>hoc</span> <span class='ocrx_word' id='word_1_67' title='bbox 756 1182 972 1234; x_wconf 90' lang='lat' dir='ltr'>salutari</span> <span class='ocrx_word' id='word_1_68' title='bbox 1007 1181 1413 1251; x_wconf 90' lang='lat' dir='ltr'>regenerationis</span> <span class='ocrx_word' id='word_1_69' title='bbox 1443 1179 1646 1231; x_wconf 78' lang='lat' dir='ltr'>balneo·</span> <span class='ocrx_word' id='word_1_70' title='bbox 1721 1178 1874 1239; x_wconf 82' lang='lat' dir='ltr'>Quod</span> <span class='ocrx_word' id='word_1_71' title='bbox 1898 1179 1944 1230; x_wconf 91' lang='lat' dir='ltr'>si</span> <span class='ocrx_word' id='word_1_72' title='bbox 1968 1178 2315 1242; x_wconf 80' lang='lat' dir='ltr'>convaluerit,</span> 
     </span>
     <span class='ocr_line' id='line_1_10' title="bbox 415 1263 2315 1334; baseline -0.002 -17"><span class='ocrx_word' id='word_1_73' title='bbox 415 1267 484 1317; x_wconf 93' lang='lat' dir='ltr'>ad</span> <span class='ocrx_word' id='word_1_74' title='bbox 508 1267 781 1318; x_wconf 90' lang='lat' dir='ltr'>ecclesiam</span> <span class='ocrx_word' id='word_1_75' title='bbox 805 1267 1018 1330; x_wconf 87' lang='lat' dir='ltr'>feratur,</span> <span class='ocrx_word' id='word_1_76' title='bbox 1041 1270 1105 1318; x_wconf 86' lang='lat' dir='ltr'>ut</span> <span class='ocrx_word' id='word_1_77' title='bbox 1135 1266 1478 1334; x_wconf 87' lang='lat' dir='ltr'>suppleantur</span> <span class='ocrx_word' id='word_1_78' title='bbox 1502 1265 1876 1316; x_wconf 86' lang='lat' dir='ltr'>caeremoniae.</span> <span class='ocrx_word' id='word_1_79' title='bbox 1951 1263 2056 1316; x_wconf 87' lang='lat' dir='ltr'>Sed</span> <span class='ocrx_word' id='word_1_80' title='bbox 2081 1263 2315 1316; x_wconf 86' lang='lat' dir='ltr'>sacerdos</span> 
     </span>
     <span class='ocr_line' id='line_1_11' title="bbox 415 1350 2315 1421; baseline 0 -19"><span class='ocrx_word' id='word_1_81' title='bbox 415 1352 548 1403; x_wconf 91' lang='lat' dir='ltr'>bene</span> <span class='ocrx_word' id='word_1_82' title='bbox 571 1353 805 1419; x_wconf 87' lang='lat' dir='ltr'>inquirat</span> <span class='ocrx_word' id='word_1_83' title='bbox 828 1353 892 1403; x_wconf 93' lang='lat' dir='ltr'>de</span> <span class='ocrx_word' id='word_1_84' title='bbox 916 1354 1073 1404; x_wconf 92' lang='lat' dir='ltr'>modo</span> <span class='ocrx_word' id='word_1_85' title='bbox 1098 1370 1203 1421; x_wconf 91' lang='lat' dir='ltr'>quo</span> <span class='ocrx_word' id='word_1_86' title='bbox 1228 1354 1524 1420; x_wconf 88' lang='lat' dir='ltr'>baptismus</span> <span class='ocrx_word' id='word_1_87' title='bbox 1547 1353 1659 1419; x_wconf 89' lang='lat' dir='ltr'>ipse</span> <span class='ocrx_word' id='word_1_88' title='bbox 1684 1352 1845 1402; x_wconf 88' lang='lat' dir='ltr'>fuerit</span> <span class='ocrx_word' id='word_1_89' title='bbox 1874 1351 2119 1414; x_wconf 79' lang='lat' dir='ltr'>collatuS,</span> <span class='ocrx_word' id='word_1_90' title='bbox 2154 1354 2212 1402; x_wconf 90' lang='lat' dir='ltr'>et</span> <span class='ocrx_word' id='word_1_91' title='bbox 2246 1350 2315 1401; x_wconf 86' lang='lat' dir='ltr'>ad</span> 
     </span>
     <span class='ocr_line' id='line_1_12' title="bbox 415 1436 2315 1506; baseline -0.001 -19"><span class='ocrx_word' id='word_1_92' title='bbox 415 1437 668 1488; x_wconf 86' lang='lat' dir='ltr'>tutiorem</span> <span class='ocrx_word' id='word_1_93' title='bbox 691 1437 916 1489; x_wconf 85' lang='lat' dir='ltr'>inclinet</span> <span class='ocrx_word' id='word_1_94' title='bbox 939 1443 1161 1505; x_wconf 86' lang='lat' dir='ltr'>partem,</span> <span class='ocrx_word' id='word_1_95' title='bbox 1187 1439 1244 1488; x_wconf 91' lang='lat' dir='ltr'>in</span> <span class='ocrx_word' id='word_1_96' title='bbox 1269 1438 1483 1489; x_wconf 88' lang='lat' dir='ltr'>ferendo</span> <span class='ocrx_word' id='word_1_97' title='bbox 1500 1437 1708 1506; x_wconf 89' lang='lat' dir='ltr'>judicio</span> <span class='ocrx_word' id='word_1_98' title='bbox 1727 1454 1743 1498; x_wconf 81' lang='lat'><em>3</em></span> <span class='ocrx_word' id='word_1_99' title='bbox 1787 1440 1844 1488; x_wconf 86' lang='lat' dir='ltr'>et</span> <span class='ocrx_word' id='word_1_100' title='bbox 1869 1437 1968 1489; x_wconf 92' lang='lat' dir='ltr'>sub</span> <span class='ocrx_word' id='word_1_101' title='bbox 1992 1436 2315 1499; x_wconf 87' lang='lat' dir='ltr'>conditione,</span> 
     </span>
     <span class='ocr_line' id='line_1_13' title="bbox 415 1522 1533 1591; baseline -0.001 -16"><span class='ocrx_word' id='word_1_102' title='bbox 415 1523 462 1575; x_wconf 87' lang='lat' dir='ltr'>si</span> <span class='ocrx_word' id='word_1_103' title='bbox 484 1522 659 1574; x_wconf 89' lang='lat' dir='ltr'>visum</span> <span class='ocrx_word' id='word_1_104' title='bbox 683 1522 858 1585; x_wconf 89' lang='lat' dir='ltr'>fuerit,</span> <span class='ocrx_word' id='word_1_105' title='bbox 881 1539 988 1574; x_wconf 91' lang='lat' dir='ltr'>non</span> <span class='ocrx_word' id='word_1_106' title='bbox 1013 1524 1225 1574; x_wconf 89' lang='lat' dir='ltr'>dubitet</span> <span class='ocrx_word' id='word_1_107' title='bbox 1249 1524 1533 1591; x_wconf 89' lang='lat' dir='ltr'>baptizare.</span> 
     </span>
    </p>

    <p class='ocr_par' dir='ltr' id='par_1_4' title="bbox 415 1607 2315 1762">
     <span class='ocr_line' id='line_1_14' title="bbox 562 1607 2314 1676; baseline 0.001 -19"><span class='ocrx_word' id='word_1_108' title='bbox 562 1609 644 1658; x_wconf 91' lang='grc'>10.</span> <span class='ocrx_word' id='word_1_109' title='bbox 694 1607 1013 1659; x_wconf 86' lang='lat' dir='ltr'>Moneantur</span> <span class='ocrx_word' id='word_1_110' title='bbox 1037 1609 1203 1660; x_wconf 89' lang='lat' dir='ltr'>etiam</span> <span class='ocrx_word' id='word_1_111' title='bbox 1223 1609 1521 1676; x_wconf 77' lang='lat' dir='ltr'>frequenter</span> <span class='ocrx_word' id='word_1_112' title='bbox 1538 1612 1602 1659; x_wconf 89' lang='lat' dir='ltr'>ut</span> <span class='ocrx_word' id='word_1_113' title='bbox 1625 1607 1965 1675; x_wconf 90' lang='lat' dir='ltr'>parvulorum</span> <span class='ocrx_word' id='word_1_114' title='bbox 1983 1607 2314 1675; x_wconf 88' lang='lat' dir='ltr'>baptismum</span> 
     </span>
     <span class='ocr_line' id='line_1_15' title="bbox 415 1692 2315 1762; baseline 0.001 -19"><span class='ocrx_word' id='word_1_115' title='bbox 415 1697 654 1762; x_wconf 88' lang='lat' dir='ltr'>parentes</span> <span class='ocrx_word' id='word_1_116' title='bbox 677 1709 783 1745; x_wconf 93' lang='lat' dir='ltr'>non</span> <span class='ocrx_word' id='word_1_117' title='bbox 807 1692 1070 1756; x_wconf 84' lang='lat' dir='ltr'>differant,</span> <span class='ocrx_word' id='word_1_118' title='bbox 1096 1694 1187 1746; x_wconf 92' lang='lat' dir='ltr'>sed</span> <span class='ocrx_word' id='word_1_119' title='bbox 1210 1698 1275 1745; x_wconf 87' lang='lat' dir='ltr'>ut</span> <span class='ocrx_word' id='word_1_120' title='bbox 1299 1710 1403 1759; x_wconf 78' lang='lat' dir='ltr'>eOS,</span> <span class='ocrx_word' id='word_1_121' title='bbox 1428 1694 1519 1746; x_wconf 82' lang='lat' dir='ltr'>vix</span> <span class='ocrx_word' id='word_1_122' title='bbox 1543 1694 1745 1747; x_wconf 92' lang='lat' dir='ltr'>mundo</span> <span class='ocrx_word' id='word_1_123' title='bbox 1763 1698 1934 1760; x_wconf 76' lang='lat' dir='ltr'>nat08,</span> <span class='ocrx_word' id='word_1_124' title='bbox 1951 1694 2022 1747; x_wconf 88' lang='lat' dir='ltr'>ad</span> <span class='ocrx_word' id='word_1_125' title='bbox 2043 1698 2315 1747; x_wconf 84' lang='lat' dir='ltr'>aeternam</span> 
     </span>
    </p>
   </div>
   <div class='ocr_carea' id='block_1_3' title="bbox 317 1779 1128 1849">
    <p class='ocr_par' dir='ltr' id='par_1_5' title="bbox 317 1779 1128 1849">
     <span class='ocr_line' id='line_1_16' title="bbox 317 1779 1128 1849; baseline 0.002 -20"><span class='ocrx_word' id='word_1_126' title='bbox 317 1806 320 1807; x_wconf 26' lang='grc' dir='ltr'><em>ν</em></span> <span class='ocrx_word' id='word_1_127' title='bbox 415 1779 586 1830; x_wconf 88' lang='lat' dir='ltr'>vitam</span> <span class='ocrx_word' id='word_1_128' title='bbox 609 1779 810 1830; x_wconf 88' lang='lat' dir='ltr'>renasci</span> <span class='ocrx_word' id='word_1_129' title='bbox 831 1783 1128 1849; x_wconf 88' lang='lat' dir='ltr'>procurent.</span> 
     </span>
    </p>
   </div>
   <div class='ocr_carea' id='block_1_4' title="bbox 1034 1967 1690 2023">
    <p class='ocr_par' dir='ltr' id='par_1_6' title="bbox 1034 1967 1690 2023">
     <span class='ocr_line' id='line_1_17' title="bbox 1034 1967 1690 2023; baseline 0.003 -2"><span class='ocrx_word' id='word_1_130' title='bbox 1034 1967 1437 2023; x_wconf 87' lang='lat' dir='ltr'>DECRETUM</span> <span class='ocrx_word' id='word_1_131' title='bbox 1505 1967 1690 2023; x_wconf 88' lang='lat' dir='ltr'>XVII.</span> 
     </span>
    </p>
   </div>
   <div class='ocr_carea' id='block_1_5' title="bbox 1086 2113 1643 2184">
    <p class='ocr_par' dir='ltr' id='par_1_7' title="bbox 1086 2113 1643 2184">
     <span class='ocr_line' id='line_1_18' title="bbox 1086 2113 1643 2184; baseline 0.002 -17"><span class='ocrx_word' id='word_1_132' title='bbox 1086 2113 1167 2167; x_wconf 81' lang='lat' dir='ltr'>De</span> <span class='ocrx_word' id='word_1_133' title='bbox 1193 2113 1643 2184; x_wconf 72' lang='lat' dir='ltr'>Confirmatione.</span> 
     </span>
    </p>
   </div>
   <div class='ocr_carea' id='block_1_6' title="bbox 417 2246 2318 3741">
    <p class='ocr_par' dir='ltr' id='par_1_8' title="bbox 417 2246 2318 2743">
     <span class='ocr_line' id='line_1_19' title="bbox 560 2246 2318 2320; baseline -0.002 -17"><span class='ocrx_word' id='word_1_134' title='bbox 560 2246 695 2303; x_wconf 83' lang='lat' dir='ltr'>Cum</span> <span class='ocrx_word' id='word_1_135' title='bbox 741 2248 887 2303; x_wconf 89' lang='lat' dir='ltr'>hisce</span> <span class='ocrx_word' id='word_1_136' title='bbox 932 2249 1232 2320; x_wconf 89' lang='lat' dir='ltr'>regionibus</span> <span class='ocrx_word' id='word_1_137' title='bbox 1280 2250 1549 2314; x_wconf 85' lang='lat' dir='ltr'>catholici,</span> <span class='ocrx_word' id='word_1_138' title='bbox 1597 2253 1655 2302; x_wconf 88' lang='lat' dir='ltr'>et</span> <span class='ocrx_word' id='word_1_139' title='bbox 1701 2248 2011 2319; x_wconf 87' lang='lat' dir='ltr'>praesertim</span> <span class='ocrx_word' id='word_1_140' title='bbox 2057 2247 2214 2302; x_wconf 87' lang='lat' dir='ltr'>rudes</span> <span class='ocrx_word' id='word_1_141' title='bbox 2259 2250 2318 2300; x_wconf 90' lang='lat' dir='ltr'>et</span> 
     </span>
     <span class='ocr_line' id='line_1_20' title="bbox 417 2335 2317 2406; baseline -0.001 -19"><span class='ocrx_word' id='word_1_142' title='bbox 417 2352 687 2405; x_wconf 78' lang='lat' dir='ltr'>paupereS,</span> <span class='ocrx_word' id='word_1_143' title='bbox 729 2337 1028 2406; x_wconf 87' lang='lat' dir='ltr'>saepissime</span> <span class='ocrx_word' id='word_1_144' title='bbox 1066 2336 1341 2389; x_wconf 86' lang='lat' dir='ltr'>conatibus</span> <span class='ocrx_word' id='word_1_145' title='bbox 1381 2338 1712 2404; x_wconf 85' lang='lat' dir='ltr'>exponantur</span> <span class='ocrx_word' id='word_1_146' title='bbox 1751 2335 1848 2403; x_wconf 87' lang='lat' dir='ltr'>qui</span> <span class='ocrx_word' id='word_1_147' title='bbox 1889 2335 1958 2387; x_wconf 92' lang='lat' dir='ltr'>ad</span> <span class='ocrx_word' id='word_1_148' title='bbox 1999 2335 2317 2387; x_wconf 89' lang='lat' dir='ltr'>catholicam</span> 
     </span>
     <span class='ocr_line' id='line_1_21' title="bbox 418 2419 2317 2490; baseline -0.002 -18"><span class='ocrx_word' id='word_1_149' title='bbox 418 2422 578 2473; x_wconf 89' lang='lat' dir='ltr'>fidem</span> <span class='ocrx_word' id='word_1_150' title='bbox 602 2423 1021 2474; x_wconf 87' lang='lat' dir='ltr'>labefactandam</span> <span class='ocrx_word' id='word_1_151' title='bbox 1039 2423 1280 2490; x_wconf 82' lang='lat' dir='ltr'>quotidie</span> <span class='ocrx_word' id='word_1_152' title='bbox 1304 2421 1463 2484; x_wconf 89' lang='lat' dir='ltr'>fiunt,</span> <span class='ocrx_word' id='word_1_153' title='bbox 1488 2437 1695 2472; x_wconf 91' lang='lat' dir='ltr'>summa</span> <span class='ocrx_word' id='word_1_154' title='bbox 1709 2420 1994 2489; x_wconf 86' lang='lat' dir='ltr'>diligentia</span> <span class='ocrx_word' id='word_1_155' title='bbox 2018 2419 2317 2471; x_wconf 87' lang='lat' dir='ltr'>adhibenda</span> 
     </span>
     <span class='ocr_line' id='line_1_22' title="bbox 419 2505 2316 2570; baseline -0.001 -12"><span class='ocrx_word' id='word_1_156' title='bbox 419 2510 517 2570; x_wconf 89' lang='lat' dir='ltr'>est,</span> <span class='ocrx_word' id='word_1_157' title='bbox 541 2511 604 2558; x_wconf 92' lang='lat' dir='ltr'>ut</span> <span class='ocrx_word' id='word_1_158' title='bbox 640 2511 963 2558; x_wconf 86' lang='lat' dir='ltr'>sacramento</span> <span class='ocrx_word' id='word_1_159' title='bbox 998 2507 1412 2559; x_wconf 89' lang='lat' dir='ltr'>confirmationis</span> <span class='ocrx_word' id='word_1_160' title='bbox 1438 2505 1829 2557; x_wconf 86' lang='lat' dir='ltr'>corroborentur</span> <span class='ocrx_word' id='word_1_161' title='bbox 1864 2506 1933 2556; x_wconf 90' lang='lat' dir='ltr'>ad</span> <span class='ocrx_word' id='word_1_162' title='bbox 1965 2506 2316 2556; x_wconf 89' lang='lat' dir='ltr'>resistendum</span> 
     </span>
     <span class='ocr_line' id='line_1_23' title="bbox 419 2589 2316 2658; baseline 0 -16"><span class='ocrx_word' id='word_1_163' title='bbox 419 2589 720 2658; x_wconf 87' lang='lat' dir='ltr'>hujusmodi</span> <span class='ocrx_word' id='word_1_164' title='bbox 761 2592 1181 2654; x_wconf 85' lang='lat' dir='ltr'>tentationibus3</span> <span class='ocrx_word' id='word_1_165' title='bbox 1228 2595 1295 2643; x_wconf 90' lang='lat' dir='ltr'>ut</span> <span class='ocrx_word' id='word_1_166' title='bbox 1336 2590 1479 2642; x_wconf 86' lang='lat' dir='ltr'>firmi</span> <span class='ocrx_word' id='word_1_167' title='bbox 1514 2594 1572 2642; x_wconf 90' lang='lat' dir='ltr'>et</span> <span class='ocrx_word' id='word_1_168' title='bbox 1612 2589 1828 2642; x_wconf 88' lang='lat' dir='ltr'>stabiles</span> <span class='ocrx_word' id='word_1_169' title='bbox 1863 2591 1923 2641; x_wconf 90' lang='lat' dir='ltr'>in</span> <span class='ocrx_word' id='word_1_170' title='bbox 1945 2589 2053 2641; x_wconf 90' lang='lat' dir='ltr'>fide</span> <span class='ocrx_word' id='word_1_171' title='bbox 2076 2594 2134 2642; x_wconf 87' lang='lat' dir='ltr'>et</span> <span class='ocrx_word' id='word_1_172' title='bbox 2164 2590 2316 2642; x_wconf 89' lang='lat' dir='ltr'>bonis</span> 
     </span>
     <span class='ocr_line' id='line_1_24' title="bbox 420 2676 1027 2743; baseline 0.003 -17"><span class='ocrx_word' id='word_1_173' title='bbox 420 2676 661 2743; x_wconf 89' lang='lat' dir='ltr'>operibus</span> <span class='ocrx_word' id='word_1_174' title='bbox 683 2681 1027 2743; x_wconf 87' lang='lat' dir='ltr'>perseverent.</span> 
     </span>
    </p>

    <p class='ocr_par' dir='ltr' id='par_1_9' title="bbox 419 2758 2318 3335">
     <span class='ocr_line' id='line_1_25' title="bbox 566 2758 2318 2829; baseline 0.001 -19"><span class='ocrx_word' id='word_1_175' title='bbox 566 2762 613 2813; x_wconf 88' lang='lat'>1.</span> <span class='ocrx_word' id='word_1_176' title='bbox 663 2759 777 2820; x_wconf 80' lang='lat' dir='ltr'>Quo</span> <span class='ocrx_word' id='word_1_177' title='bbox 821 2777 940 2812; x_wconf 90' lang='lat' dir='ltr'>vero</span> <span class='ocrx_word' id='word_1_178' title='bbox 981 2759 1242 2827; x_wconf 88' lang='lat' dir='ltr'>copiosius</span> <span class='ocrx_word' id='word_1_179' title='bbox 1285 2759 1339 2812; x_wconf 84' lang='lat' dir='ltr'>S.</span> <span class='ocrx_word' id='word_1_180' title='bbox 1366 2758 1599 2827; x_wconf 85' lang='lat' dir='ltr'>Spiritus</span> <span class='ocrx_word' id='word_1_181' title='bbox 1634 2760 1882 2829; x_wconf 85' lang='lat' dir='ltr'>gratiam,</span> <span class='ocrx_word' id='word_1_182' title='bbox 1919 2760 1979 2810; x_wconf 91' lang='lat' dir='ltr'>in</span> <span class='ocrx_word' id='word_1_183' title='bbox 2012 2758 2113 2810; x_wconf 89' lang='lat' dir='ltr'>hoc</span> <span class='ocrx_word' id='word_1_184' title='bbox 2149 2776 2318 2811; x_wconf 65' lang='lat' dir='ltr'>sacrae-</span> 
     </span>
     <span class='ocr_line' id='line_1_26' title="bbox 419 2843 2317 2912; baseline 0 -17"><span class='ocrx_word' id='word_1_185' title='bbox 419 2844 602 2895; x_wconf 86' lang='lat' dir='ltr'>mento</span> <span class='ocrx_word' id='word_1_186' title='bbox 636 2844 933 2912; x_wconf 86' lang='lat' dir='ltr'>elargitam,</span> <span class='ocrx_word' id='word_1_187' title='bbox 968 2846 1200 2912; x_wconf 91' lang='lat' dir='ltr'>accipere</span> <span class='ocrx_word' id='word_1_188' title='bbox 1235 2845 1466 2907; x_wconf 87' lang='lat' dir='ltr'>valeant,</span> <span class='ocrx_word' id='word_1_189' title='bbox 1490 2848 1616 2894; x_wconf 92' lang='lat' dir='ltr'>ante</span> <span class='ocrx_word' id='word_1_190' title='bbox 1640 2843 2114 2908; x_wconf 86' lang='lat' dir='ltr'>confirmationem,</span> <span class='ocrx_word' id='word_1_191' title='bbox 2137 2861 2317 2896; x_wconf 88' lang='lat' dir='ltr'>omnes</span> 
     </span>
     <span class='ocr_line' id='line_1_27' title="bbox 421 2928 2317 2996; baseline 0.001 -17"><span class='ocrx_word' id='word_1_192' title='bbox 421 2932 534 2979; x_wconf 89' lang='lat' dir='ltr'>tam</span> <span class='ocrx_word' id='word_1_193' title='bbox 557 2929 705 2996; x_wconf 89' lang='lat' dir='ltr'>pueri</span> <span class='ocrx_word' id='word_1_194' title='bbox 745 2945 903 2995; x_wconf 92' lang='lat' dir='ltr'>quam</span> <span class='ocrx_word' id='word_1_195' title='bbox 942 2929 1132 2991; x_wconf 86' lang='lat' dir='ltr'>adulti,</span> <span class='ocrx_word' id='word_1_196' title='bbox 1155 2929 1287 2980; x_wconf 92' lang='lat' dir='ltr'>bene</span> <span class='ocrx_word' id='word_1_197' title='bbox 1312 2930 1378 2979; x_wconf 90' lang='lat' dir='ltr'>de</span> <span class='ocrx_word' id='word_1_198' title='bbox 1402 2928 1514 2996; x_wconf 87' lang='lat' dir='ltr'>ejus</span> <span class='ocrx_word' id='word_1_199' title='bbox 1537 2933 1728 2979; x_wconf 87' lang='lat' dir='ltr'>natura</span> <span class='ocrx_word' id='word_1_200' title='bbox 1753 2932 1809 2979; x_wconf 89' lang='lat' dir='ltr'>et</span> <span class='ocrx_word' id='word_1_201' title='bbox 1836 2929 2096 2980; x_wconf 87' lang='lat' dir='ltr'>fructibus</span> <span class='ocrx_word' id='word_1_202' title='bbox 2119 2929 2317 2981; x_wconf 90' lang='lat' dir='ltr'>instru-</span> 
     </span>
     <span class='ocr_line' id='line_1_28' title="bbox 421 3012 2316 3080; baseline 0.001 -18"><span class='ocrx_word' id='word_1_203' title='bbox 421 3017 611 3073; x_wconf 84' lang='lat' dir='ltr'>antur3</span> <span class='ocrx_word' id='word_1_204' title='bbox 660 3017 716 3063; x_wconf 88' lang='lat' dir='ltr'>et</span> <span class='ocrx_word' id='word_1_205' title='bbox 738 3013 915 3063; x_wconf 90' lang='lat' dir='ltr'>nullus</span> <span class='ocrx_word' id='word_1_206' title='bbox 950 3014 1269 3064; x_wconf 76' lang='lat' dir='ltr'>admittatur</span> <span class='ocrx_word' id='word_1_207' title='bbox 1307 3015 1437 3080; x_wconf 90' lang='lat' dir='ltr'>quin</span> <span class='ocrx_word' id='word_1_208' title='bbox 1479 3014 1535 3063; x_wconf 91' lang='lat' dir='ltr'>in</span> <span class='ocrx_word' id='word_1_209' title='bbox 1571 3014 1811 3064; x_wconf 83' lang='lat' dir='ltr'>doctrina</span> <span class='ocrx_word' id='word_1_210' title='bbox 1838 3012 2137 3065; x_wconf 83' lang='lat' dir='ltr'>Christiana</span> <span class='ocrx_word' id='word_1_211' title='bbox 2173 3013 2316 3064; x_wconf 91' lang='lat' dir='ltr'>suffi-</span> 
     </span>
     <span class='ocr_line' id='line_1_29' title="bbox 422 3097 2315 3165; baseline 0.001 -17"><span class='ocrx_word' id='word_1_212' title='bbox 422 3097 621 3148; x_wconf 87' lang='lat' dir='ltr'>cienter</span> <span class='ocrx_word' id='word_1_213' title='bbox 638 3098 709 3148; x_wconf 88' lang='lat' dir='ltr'>sit</span> <span class='ocrx_word' id='word_1_214' title='bbox 731 3097 1035 3148; x_wconf 77' lang='lat' dir='ltr'>instructus·</span> <span class='ocrx_word' id='word_1_215' title='bbox 1095 3099 1384 3149; x_wconf 86' lang='lat' dir='ltr'>Hortamur</span> <span class='ocrx_word' id='word_1_216' title='bbox 1403 3099 1689 3149; x_wconf 88' lang='lat' dir='ltr'>sacerdotes</span> <span class='ocrx_word' id='word_1_217' title='bbox 1712 3103 1794 3161; x_wconf 85' lang='lat' dir='ltr'>ut,</span> <span class='ocrx_word' id='word_1_218' title='bbox 1810 3098 1970 3165; x_wconf 85' lang='lat' dir='ltr'>juxta</span> <span class='ocrx_word' id='word_1_219' title='bbox 1992 3098 2315 3150; x_wconf 88' lang='lat' dir='ltr'>laudabilem</span> 
     </span>
     <span class='ocr_line' id='line_1_30' title="bbox 422 3183 2316 3247; baseline 0.002 -15"><span class='ocrx_word' id='word_1_220' title='bbox 422 3183 870 3246; x_wconf 87' lang='lat' dir='ltr'>consuetudinem,</span> <span class='ocrx_word' id='word_1_221' title='bbox 907 3186 1129 3233; x_wconf 90' lang='lat' dir='ltr'>utantur</span> <span class='ocrx_word' id='word_1_222' title='bbox 1164 3201 1224 3234; x_wconf 90' lang='lat' dir='ltr'>ea</span> <span class='ocrx_word' id='word_1_223' title='bbox 1260 3185 1546 3247; x_wconf 85' lang='lat' dir='ltr'>occasione,</span> <span class='ocrx_word' id='word_1_224' title='bbox 1584 3184 1651 3234; x_wconf 88' lang='lat' dir='ltr'>ad</span> <span class='ocrx_word' id='word_1_225' title='bbox 1687 3183 2069 3234; x_wconf 84' lang='lat' dir='ltr'>confirmandos</span> <span class='ocrx_word' id='word_1_226' title='bbox 2093 3184 2151 3234; x_wconf 91' lang='lat' dir='ltr'>in</span> <span class='ocrx_word' id='word_1_227' title='bbox 2171 3187 2316 3235; x_wconf 55' lang='lat' dir='ltr'>‘cate-</span> 
     </span>
     <span class='ocr_line' id='line_1_31' title="bbox 422 3267 1421 3335; baseline -0.002 -15"><span class='ocrx_word' id='word_1_228' title='bbox 422 3267 611 3320; x_wconf 85' lang='lat' dir='ltr'>chismi</span> <span class='ocrx_word' id='word_1_229' title='bbox 635 3269 854 3319; x_wconf 88' lang='lat' dir='ltr'>scientia</span> <span class='ocrx_word' id='word_1_230' title='bbox 876 3268 1029 3335; x_wconf 91' lang='lat' dir='ltr'>plene</span> <span class='ocrx_word' id='word_1_231' title='bbox 1052 3268 1421 3319; x_wconf 76' lang='lat' dir='ltr'>instituendos·</span> 
     </span>
    </p>

    <p class='ocr_par' dir='ltr' id='par_1_10' title="bbox 417 3351 2316 3741">
     <span class='ocr_line' id='line_1_32' title="bbox 566 3351 2316 3420; baseline 0.001 -17"><span class='ocrx_word' id='word_1_232' title='bbox 566 3355 617 3403; x_wconf 89' lang='grc'>2.</span> <span class='ocrx_word' id='word_1_233' title='bbox 667 3351 802 3404; x_wconf 84' lang='lat' dir='ltr'>Cum</span> <span class='ocrx_word' id='word_1_234' title='bbox 844 3369 996 3419; x_wconf 88' lang='lat' dir='ltr'>saepe</span> <span class='ocrx_word' id='word_1_235' title='bbox 1031 3353 1196 3402; x_wconf 88' lang='lat' dir='ltr'>etiam</span> <span class='ocrx_word' id='word_1_236' title='bbox 1231 3352 1328 3403; x_wconf 85' lang='lat' dir='ltr'>fiat</span> <span class='ocrx_word' id='word_1_237' title='bbox 1363 3356 1428 3403; x_wconf 89' lang='lat' dir='ltr'>ut</span> <span class='ocrx_word' id='word_1_238' title='bbox 1462 3353 1610 3420; x_wconf 88' lang='lat' dir='ltr'>pueri</span> <span class='ocrx_word' id='word_1_239' title='bbox 1645 3353 1704 3403; x_wconf 90' lang='lat' dir='ltr'>in</span> <span class='ocrx_word' id='word_1_240' title='bbox 1739 3353 1856 3420; x_wconf 90' lang='lat' dir='ltr'>ipsa</span> <span class='ocrx_word' id='word_1_241' title='bbox 1882 3356 2059 3405; x_wconf 88' lang='lat' dir='ltr'>tenera</span> <span class='ocrx_word' id='word_1_242' title='bbox 2082 3356 2260 3404; x_wconf 89' lang='lat' dir='ltr'>aetate</span> <span class='ocrx_word' id='word_1_243' title='bbox 2282 3370 2316 3405; x_wconf 86' lang='lat' dir='ltr'>a</span> 
     </span>
     <span class='ocr_line' id='line_1_33' title="bbox 425 3437 2316 3506; baseline 0 -17"><span class='ocrx_word' id='word_1_244' title='bbox 425 3437 612 3489; x_wconf 88' lang='lat' dir='ltr'>scholis</span> <span class='ocrx_word' id='word_1_245' title='bbox 636 3438 703 3488; x_wconf 90' lang='lat' dir='ltr'>ad</span> <span class='ocrx_word' id='word_1_246' title='bbox 739 3437 949 3505; x_wconf 92' lang='lat' dir='ltr'>opificia</span> <span class='ocrx_word' id='word_1_247' title='bbox 973 3437 1276 3499; x_wconf 85' lang='lat' dir='ltr'>mittantur,</span> <span class='ocrx_word' id='word_1_248' title='bbox 1300 3455 1471 3505; x_wconf 90' lang='lat' dir='ltr'>neque</span> <span class='ocrx_word' id='word_1_249' title='bbox 1495 3442 1677 3506; x_wconf 90' lang='lat' dir='ltr'>postea</span> <span class='ocrx_word' id='word_1_250' title='bbox 1701 3439 1855 3489; x_wconf 86' lang='lat' dir='ltr'>facile</span> <span class='ocrx_word' id='word_1_251' title='bbox 1881 3439 1949 3489; x_wconf 89' lang='lat' dir='ltr'>ad</span> <span class='ocrx_word' id='word_1_252' title='bbox 1972 3440 2316 3490; x_wconf 90' lang='lat' dir='ltr'>instruction-</span> 
     </span>
     <span class='ocr_line' id='line_1_34' title="bbox 426 3522 2315 3587; baseline 0.001 -13"><span class='ocrx_word' id='word_1_253' title='bbox 426 3539 511 3574; x_wconf 90' lang='lat' dir='ltr'>em</span> <span class='ocrx_word' id='word_1_254' title='bbox 557 3522 785 3573; x_wconf 87' lang='lat' dir='ltr'>revocari</span> <span class='ocrx_word' id='word_1_255' title='bbox 832 3522 1051 3587; x_wconf 86' lang='lat' dir='ltr'>possint,</span> <span class='ocrx_word' id='word_1_256' title='bbox 1098 3526 1330 3587; x_wconf 84' lang='lat' dir='ltr'>praestat</span> <span class='ocrx_word' id='word_1_257' title='bbox 1378 3523 1495 3573; x_wconf 89' lang='lat' dir='ltr'>illos</span> <span class='ocrx_word' id='word_1_258' title='bbox 1543 3529 1748 3575; x_wconf 88' lang='lat' dir='ltr'>mature</span> <span class='ocrx_word' id='word_1_259' title='bbox 1796 3525 2110 3587; x_wconf 91' lang='lat' dir='ltr'>confirmari,</span> <span class='ocrx_word' id='word_1_260' title='bbox 2158 3524 2315 3575; x_wconf 91' lang='lat' dir='ltr'>modo</span> 
     </span>
     <span class='ocr_line' id='line_1_35' title="bbox 417 3604 2314 3677; baseline 0.002 -20"><span class='ocrx_word' id='word_1_261' title='bbox 417 3611 594 3657; x_wconf 91' lang='lat' dir='ltr'>tamen</span> <span class='ocrx_word' id='word_1_262' title='bbox 618 3606 962 3657; x_wconf 87' lang='lat' dir='ltr'>sufficientem</span> <span class='ocrx_word' id='word_1_263' title='bbox 984 3604 1211 3657; x_wconf 88' lang='lat' dir='ltr'>habeant</span> <span class='ocrx_word' id='word_1_264' title='bbox 1235 3611 1482 3671; x_wconf 88' lang='lat' dir='ltr'>aetatem,</span> <span class='ocrx_word' id='word_1_265' title='bbox 1508 3609 1575 3659; x_wconf 89' lang='lat' dir='ltr'>ad</span> <span class='ocrx_word' id='word_1_266' title='bbox 1601 3609 1837 3659; x_wconf 88' lang='lat' dir='ltr'>debitam</span> <span class='ocrx_word' id='word_1_267' title='bbox 1860 3611 2314 3677; x_wconf 85' lang='lat' dir='ltr'>praeparationem</span> 
     </span>
     <span class='ocr_line' id='line_1_36' title="bbox 425 3691 735 3741; baseline -0.003 0"><span class='ocrx_word' id='word_1_268' title='bbox 425 3691 735 3741; x_wconf 82' lang='lat' dir='ltr'>faciendam.</span> 
     </span>
    </p>
   </div>
   <div class='ocr_carea' id='block_1_7' title="bbox 571 3773 2311 3855">
    <p class='ocr_par' dir='ltr' id='par_1_11' title="bbox 571 3773 2311 3855">
     <span class='ocr_line' id='line_1_37' title="bbox 571 3773 2311 3855; baseline 0.002 -30"><span class='ocrx_word' id='word_1_269' title='bbox 571 3776 620 3826; x_wconf 90' lang='lat'>3.</span> <span class='ocrx_word' id='word_1_270' title='bbox 671 3773 913 3825; x_wconf 87' lang='lat' dir='ltr'>Conversi</span> <span class='ocrx_word' id='word_1_271' title='bbox 955 3775 1150 3854; x_wconf 85' lang='lat' dir='ltr'>pariter</span> <span class='ocrx_word' id='word_1_272' title='bbox 1186 3775 1252 3825; x_wconf 92' lang='lat' dir='ltr'>ad</span> <span class='ocrx_word' id='word_1_273' title='bbox 1294 3775 1454 3832; x_wconf 90' lang='lat' dir='ltr'>fidem</span> <span class='ocrx_word' id='word_1_274' title='bbox 1491 3777 1803 3841; x_wconf 81' lang='lat' dir='ltr'>excitentur,</span> <span class='ocrx_word' id='word_1_275' title='bbox 1827 3794 1893 3828; x_wconf 91' lang='lat' dir='ltr'>ne</span> <span class='ocrx_word' id='word_1_276' title='bbox 1917 3776 2052 3828; x_wconf 92' lang='lat' dir='ltr'>hanc</span> <span class='ocrx_word' id='word_1_277' title='bbox 2085 3779 2311 3855; x_wconf 80' lang='lat' dir='ltr'>grat-iam</span> 
     </span>
    </p>
   </div>
  </div>
 </body>
</html>
