2514 4504
445 420 526 480 36
1022 438 1188 481 coNc.
1231 437 1398 480 psov.
1442 436 1667 480 wns'm.
1711 437 1751 479 1.

439 584 863 650 praesentandus,
886 583 1038 652 cujus
1061 586 1163 636 erit
1185 585 1352 652 ipsius
1376 582 1656 635 scientiam
1678 580 2053 650 theologicam,
2089 578 2256 630 etiam
2291 578 2338 630 si

441 668 667 719 voluerit
708 686 800 737 per
837 686 956 720 suos
995 670 1390 732 examinatoreS,
1430 667 1755 735 exploratam
1794 666 2001 730 habere,
2049 668 2336 732 antequam

440 754 669 819 petitam
693 754 1125 821 approbationem
1149 754 1232 804 1111
1257 753 1524 804 concedat.

582 840 634 888 4.
682 839 798 890 Viri
843 839 1093 908 religiosi,
1141 839 1236 906 qui
1284 838 1730 889 missionariorum
1790 835 1962 888 officio
2022 834 2338 903 funguntur,

441 927 668 979 caeteros
691 925 1002 976 antecellere
1020 925 1215 976 debent
1238 924 1448 975 arctiori
1472 924 1613 974 vitae
1633 921 1931 990 disciplina,
1949 920 2338 971 mundanarum

439 1024 613 1058 rerum
632 1013 961 1077 contemth‚
977 1027 1037 1060 ac
1054 1009 1374 1061 sublimioris
1390 1006 1855 1075 contemplationis
1871 1005 2063 1057 studio.
2107 1004 2339 1066 Quamo-

439 1092 602 1156 brem,
627 1093 791 1145 donec
815 1095 1151 1146 missionibus
1175 1093 1517 1145 inserviendis
1545 1091 1882 1154 incumbunt,
1917 1090 1985 1142 iis
2021 1090 2245 1142 decretis
2271 1105 2337 1141 se

440 1177 701 1244 subjectos
725 1183 959 1244 teneant,
984 1197 1120 1248 quae
1143 1198 1237 1248 pro
1261 1181 1375 1232 vita
1407 1181 1624 1231 honesta
1660 1178 1968 1229 clericorum
1992 1174 2338 1228 custodienda

440 1265 497 1312 et
520 1261 875 1315 confirmanda
898 1282 1054 1332 supra
1076 1265 1316 1316 tulimus.
1391 1263 1701 1332 Optandum
1738 1265 1820 1314 est
1854 1278 1978 1330 ergo
2013 1263 2080 1312 ut
2102 1259 2336 1312 vestibus

440 1346 637 1397 eisdem
679 1348 870 1415 quibus
912 1350 1201 1401 sacerdotes
1245 1349 1549 1413 saeculareS,
1590 1348 1771 1399 induti
1806 1347 2075 1410 incedant,
2109 1345 2215 1398 nisi
2251 1344 2335 1396 sui

438 1428 633 1479 ordinis
668 1431 937 1498 proprium
983 1430 1228 1481 habitum
1275 1435 1493 1500 gerant.
1548 1430 1617 1482 ab
1662 1429 1853 1481 iisdem
1895 1445 1950 1480 se
1997 1427 2334 1488 abstineant,
2319 1443 2334 1456 ·

439 1514 622 1564 eadem
637 1518 733 1564 aut
755 1515 934 1582 potius
958 1515 1157 1580 maiora
1181 1515 1501 1583 perficiant.¹

581 1600 632 1650 5.
679 1599 844 1650 Nulla
890 1618 1026 1652 nova
1073 1601 1260 1653 domus
1307 1599 1552 1671 religiosa
1600 1599 1870 1663 fundetur,
1922 1599 2036 1651 sine
2093 1611 2334 1668 expresso

437 1682 687 1736 ordinarii
714 1701 968 1737 consensu
991 1684 1081 1755 (¹).

1019 1878 1421 1932 DECRETUM
1480 1877 1746 1931 XXVHI.

1045 2011 1127 2065 De
1167 2009 1723 2067 Sanctiononialibus.

580 2144 605 2194 1
615 2181 629 2195 .
676 2143 1077 2209 Monasterium,
1097 2163 1189 2197 seu
1206 2146 1394 2198 domus
1407 2162 1543 2197 nova
1556 2145 1937 2213 religiosarum,
1954 2160 2062 2196 non
2078 2141 2334 2194 fundetur

433 2229 537 2280 nisi
562 2229 626 2279 de
649 2229 867 2281 licentia
891 2231 1142 2298 episcopi,
1167 2232 1261 2299 qui
1287 2231 1353 2283 de
1370 2232 1641 2296 institute,
1664 2231 1884 2299 ejusque
1907 2228 2114 2297 legibus
2137 2245 2199 2279 ac
2223 2226 2331 2279 fine

433 2318 514 2366 est
536 2314 692 2382 plene
716 2306 1076 2366 informandus
1101 2314 1191 2386 (²).

576 2402 627 2450 2.
676 2399 891 2450 Praeter
913 2401 1231 2452 monasteria
1253 2405 1518 2469 exempta,
1541 2418 1679 2495 quae
1715 2399 1967 2469 superiori
1990 2398 2153 2450 alicui
2175 2413 2332 2466 regu-

432 2481 570 2532 1311
547 2498 664 2549 Jam
688 2481 933 2549 legitime
957 2486 1082 2533 sunt
1105 2483 1357 2549 subjecta,
1386 2484 1492 2535 alia
1528 2484 1708 2535 omnia
1741 2481 2043 2535 visitationi
2077 2478 2330 2532 ordinarii

433 2563 746 2626 subduntur,
771 2563 982 2614 etiamsi
1005 2563 1074 2615 ab
1096 2564 1276 2632 aliqua
1299 2565 1406 2616 alia
1434 2565 1609 2630 domo,
1644 2565 1812 2617 etiam
1845 2567 1993 2616 trans
2027 2578 2172 2615 mare
2206 2562 2329 2627 sita,

433 2644 781 2713 dependeant.

577 2729 627 2777 3.
677 2726 854 2787 Quum
877 2727 945 2778 ob
967 2730 1203 2780 mutatas
1224 2727 1458 2780 locorum
1481 2731 1538 2780 et
1568 2731 1870 2796 temporum
1905 2725 2329 2779 circumstantias

430 2808 584 2876 plura
608 2825 760 2876 saepe
782 2810 840 2859 in
865 2809 1334 2861 constitutionibus
1357 2810 1660 2878 approbatis
1691 2809 2026 2873 monialium,
2050 2808 2329 2860 observatu

432 2894 687 2957 difficilia,
712 2898 768 2945 et
789 2895 947 2962 plane
971 2895 1320 2963 impossibilia
1341 2896 1683 2963 reperiantur,
1706 2894 1878 2946 veluti
1909 2897 2037 2945 sunt
2059 2892 2334 2946 abstinen-.

432 2975 543 3025 tiae
567 2978 623 3025 et
648 2974 875 3042 jejunia,
907 2976 1071 3027 satius
1107 2977 1335 3040 videtur,
1369 2978 1429 3028 in
1460 2976 1658 3028 talibus
1694 2976 1917 3039 casibuS,
1952 2975 2022 3027 ad
2058 2974 2328 3043 scrupulos

433 3059 691 3110 tollendos
713 3060 885 3127 ipsam
909 3060 1148 3128 regulam
1179 3061 1473 3124 reformare,
1507 3061 1812 3129 Apostolica
1844 3061 2064 3113 obtenta
2098 3060 2328 3112 auctori-

432 3144 563 3203 tate,
598 3157 759 3207 quam
795 3140 1238 3208 dispensationem
1262 3147 1590 3210 perpetuam,
1612 3147 1772 3212 prout
1793 3159 1936 3195 nunc
1958 3142 2075 3195 fieri
2097 3142 2328 3207 videtur,

433 3242 556 3276 cum
581 3226 768 3292 laqueo
792 3226 1140 3277 conscientiae
1163 3228 1456 3279 concedere.

573 3311 626 3360 4.
675 3309 758 3359 Ad
781 3310 1125 3362 confessiones
1148 3313 1463 3364 monialium
1496 3313 1828 3381 excipiendas
1864 3313 2188 3380 deputentur
2223 3313 2326 3364 viri

430 3394 770 3447 ecclesiastici
793 3395 1070 3462 gravitate,
1093 3396 1376 3463 prudentia
1400 3401 1456 3448 et
1479 3399 1681 3450 virtute
1703 3398 1974 3466 conspicui
1994 3415 2008 3458 3
2045 3400 2102 3448 et
2125 3397 2327 3448 confes-

431 3480 594 3531 sarius
619 3479 1058 3542 extraordinarius
1080 3482 1370 3549 unicuique
1404 3483 1722 3535 monasterio
1756 3484 2071 3552 assignetur,
2106 3483 2325 3535 statutis

431 3559 774 3628 temporibus

576 3710 632 3764 (1)
676 3712 807 3759 Trid„
838 3724 936 3753 sess.
967 3725 1092 3765 xxv„
1124 3725 1216 3767 cap.
1250 3716 1290 3755 3.
1320 3714 1385 3757 De
1408 3715 1534 3768 requl.

577 3775 654 3832 (2).
671 3777 778 3818 Ibid.
