2514 4504
1065 539 1341 583 DECRETA.
2068 521 2146 578 41

254 688 511 757 dignioris
534 688 774 741 canonici
796 685 1232 755 repraesentantis
1258 682 1585 751 Capitulum.
1613 683 1668 736 S.
1689 684 1754 735 R.
1776 682 1834 735 O.
1854 682 2044 732 Martii
2075 682 2159 745 16,

262 774 416 825 1658.

403 859 486 910 15.
535 856 778 909 Vicarius
821 855 1092 908 Generalis
1130 853 1383 922 Episcopi
1416 853 1475 904 in
1511 851 1683 916 choro,
1725 853 1785 903 in
1827 852 2061 914 ecclesia,
2104 854 2161 902 et

257 941 473 1010 ubique,
522 943 829 1010 praecedere
878 942 1037 992 debet
1097 940 1342 991 omnibus
1403 939 1669 990 canonicis
1730 943 1786 988 et
1846 937 2159 1004 praepositO.

256 1025 338 1096 (S.
364 1027 429 1078 R.
457 1026 515 1079 G.
541 1028 600 1077 in
623 1027 833 1078 Nicien.
860 1025 1101 1078 Octobris
1127 1027 1178 1087 2,
1208 1022 1385 1093 1677.)
1478 1022 1583 1074 Sed
1608 1022 1904 1073 functiones
1928 1038 2062 1088 quae
2094 1020 2162 1071 ad

256 1111 581 1179 Episcopum
605 1111 894 1179 pertinent,
918 1110 1035 1178 ipso
1059 1109 1291 1171 absente,
1316 1125 1349 1159 a
1374 1108 1641 1176 dignitate
1665 1111 1722 1158 et
1745 1106 2011 1158 canonicis
2048 1122 2164 1156 suc-

258 1196 466 1259 cessive,
500 1212 606 1247 non
642 1213 763 1247 vero
787 1212 820 1247 a
845 1195 1054 1246 Vicario
1079 1192 1330 1245 Generali
1363 1197 1489 1244 sunt
1520 1192 1834 1261 peragenda.
1910 1190 1965 1242 S.
2002 1189 2069 1241 R.
2102 1188 2159 1241 C.

258 1280 533 1333 Februarii
558 1281 647 1344 25,
678 1282 830 1333 1606.

406 1365 489 1417 16.
538 1365 863 1417 Attendatur
885 1363 1193 1433 praesertim
1222 1363 1506 1416 Decretum
1531 1362 1585 1416 S.
1624 1362 1690 1415 R.
1726 1360 1784 1414 C.
1815 1361 1875 1412 in
1901 1358 2166 1412 Casalensi

259 1450 292 1502 5
316 1448 354 1502 J
353 1448 456 1501 ulii
486 1449 646 1502 1614:
673 1453 709 1481 ‘⁶
726 1448 910 1510 Quoad
933 1448 1357 1517 praecedentiam
1380 1450 1521 1500 inter
1537 1448 1811 1498 Vicarium
1833 1445 2165 1507 Generalem,

258 1539 317 1587 et
338 1534 615 1586 canonicos
638 1534 886 1591 ecclesiae
912 1533 1218 1598 casalensis,
1244 1534 1298 1586 S.
1325 1534 1390 1586 R.
1418 1533 1478 1587 G.
1504 1534 1710 1585 censuit
1745 1548 1853 1584 non
1889 1548 1997 1583 esse
2026 1547 2166 1581 rece-

258 1620 494 1672 dendum
542 1635 575 1670 a
622 1619 842 1671 decretis
890 1619 1021 1671 alias
1071 1620 1132 1670 in
1181 1619 1444 1671 similibus
1493 1620 1663 1670 causis
1721 1617 1877 1669 factis
1898 1634 1913 1677 ς
1974 1631 2167 1682 nempe

259 1704 685 1772 praecedentiam
708 1703 939 1755 dandam
964 1720 1073 1756 esse
1097 1703 1306 1755 Vicario
1333 1703 1580 1755 Generali
1605 1719 1759 1770 super
1783 1717 1965 1753 omnes
1991 1700 2170 1769 digni-

261 1793 399 1840 tates
434 1794 492 1840 et
526 1789 819 1852 canonicOS,
855 1788 1144 1841 dummodo
1181 1790 1295 1857 ipse
1328 1788 1569 1840 Vicarius
1601 1804 1709 1839 non
1737 1788 1809 1837 sit
1847 1786 1914 1837 de
1949 1801 2168 1836 numero

260 1873 496 1940 ipsarum
520 1873 854 1941 dignitatum
877 1878 934 1924 et
957 1874 1363 1934 canonicorum3
1400 1874 1528 1941 quia
1561 1877 1691 1922 tunc
1728 1872 1941 1922 deberet
1977 1871 2169 1931 sedere,

260 1958 498 2010 incedere
536 1958 596 2009 in
638 1975 731 2010 suo
769 1958 903 2022 locO,
947 1960 1057 2011 sive
1095 1960 1268 2023 stallo,
1307 1963 1371 2010 ut
1400 1958 1799 2010 distributiones
1833 1954 2170 2022 quotidianas

261 2042 451 2096 lucrari
488 2048 700 2112 posset3
754 2048 811 2096 et
853 2044 1141 2096 dummodo
1184 2043 1427 2095 canonici
1465 2059 1572 2093 non
1609 2043 1718 2092 sint
1750 2042 1907 2092 sacris
1939 2040 2170 2092 vestibus

260 2128 451 2195 parati,
493 2130 622 2195 quia
662 2132 794 2179 tunc
826 2129 1032 2181 ratione
1056 2134 1487 2196 paramentorum
1518 2125 1678 2179 debet
1713 2128 1953 2178 Vicarrus
1991 2125 2171 2177 cedere

260 2213 438 2266 locum
460 2213 758 2283 digniorem
782 2214 1049 2266 canonicis
1073 2216 1272 2282 paratis
1288 2214 1316 2238 ’²
1341 2210 1431 2285 (¹).

529 2345 641 2401 IV.
693 2345 774 2398 De
803 2344 1032 2399 Divinis
1067 2345 1273 2416 Officiis
1308 2350 1358 2399 et
1391 2345 1630 2402 Servitio
1668 2345 1909 2400 Chorali.

409 2456 494 2511 17.
544 2456 884 2510 Inhaerentes
909 2458 1115 2509 decreto
1142 2457 1196 2509 S.
1224 2457 1281 2509 C.
1308 2459 1375 2510 de
1400 2459 1749 2527 Propaganda
1768 2459 1919 2521 Fide,
1934 2457 2173 2526 injungi-

262 2560 381 2596 mus
428 2544 573 2612 quod
621 2544 821 2614 singuli
869 2544 1131 2607 canonici,
1178 2544 1423 2612 legitimo
1472 2550 1706 2595 cessante
1765 2545 2171 2611 impedimento,

262 2629 503 2697 quolibet
527 2645 726 2692 mense,
745 2627 932 2680 diebus
950 2646 1042 2696 per
1057 2629 1382 2697 Episcopum
1407 2630 1626 2681 ineunte
1651 2646 1790 2681 anno
1815 2630 2172 2696 designandis,

264 2712 434 2783 (salvo
458 2718 579 2765 tum
594 2714 717 2782 jure
743 2712 982 2781 Capituli
1002 2716 1213 2782 saepius
1234 2715 1599 2778 conveniendi,
1620 2715 1686 2765 de
1711 2731 1964 2765 consensu
1990 2719 2171 2763 tamen

268 2798 538 2866 Episcopi,
546 2801 667 2849 tum
682 2799 847 2850 etiam
856 2798 979 2865 jure
993 2797 1245 2866 Episcopi
1264 2799 1400 2849 illud
1418 2816 1543 2850 cum
1563 2799 1788 2850 voluerit
1807 2798 2173 2866 convocandi,)

263 2884 585 2934 conveniant
633 2882 702 2933 ad
751 2881 1043 2933 Ecclesiam
1089 2882 1472 2946 Cathedralem,
1514 2887 1577 2933 ut
1626 2885 1852 2933 recitent
1900 2882 2173 2949 psallendo

265 2966 502 3018 Tertiam
540 2964 702 3017 officii
735 2967 1010 3030 currentis,
1059 2971 1116 3018 et
1157 2968 1349 3019 deinde
1398 2968 1647 3019 assistant
1688 2968 1884 3018 Missae
1933 2967 2170 3017 solemni.

264 3050 451 3103 Officia
473 3067 595 3102 vero
618 3050 930 3103 celebrantis
954 3056 1011 3103 et
1032 3054 1394 3104 ministrorum
1419 3053 1498 3103 ita
1524 3053 1888 3103 distribuenda
1913 3056 2084 3113 erunt,
2110 3056 2173 3101 ut

262 3135 572 3204 regulariter
625 3152 719 3203 per
765 3151 944 3187 omnes
992 3138 1266 3188 canonicos
1314 3137 1723 3204 adimpleantur.
1826 3136 1934 3187 Ubi
1988 3139 2171 3186 autem

262 3219 554 3288 Episcopus
590 3220 948 3296 celebraverit,
985 3220 1146 3273 habet
1173 3224 1266 3290 jus
1291 3223 1522 3293 eligendi
1559 3240 1677 3275 suos
1709 3223 1997 3284 ministros,
2022 3221 2171 3272 nullo

261 3308 470 3357 attento
492 3304 890 3372 praecedentiae
914 3306 1112 3357 ordine.

410 3391 493 3441 18.
542 3389 722 3440 Tertia
758 3389 984 3456 incipiet
1025 3390 1152 3442 hora
1188 3391 1395 3443 decima
1428 3392 1652 3455 circiter,
1685 3391 1753 3442 ad
1793 3407 1955 3458 quam
1992 3407 2172 3441 omnes

262 3473 440 3526 adesse
463 3473 677 3538 debent,
702 3476 759 3525 et
790 3475 959 3526 senior
995 3476 1277 3527 canonicus
1314 3477 1373 3527 in
1410 3477 1564 3528 choro
1598 3493 1839 3543 praesens
1882 3475 1948 3541 (si
1983 3476 2173 3525 exierit

257 3558 584 3627 praepositus
623 3562 689 3609 ut
725 3563 1034 3626 paramenta
1071 3562 1330 3628 assumat)
1374 3561 1767 3612 hebdomadarii
1807 3561 1944 3610 vices
1994 3564 2159 3625 geret.

258 3642 379 3693 Duo
401 3659 521 3697 vero
546 3642 803 3705 canonici,
837 3643 905 3693 ad
941 3644 1039 3695 hoc
1076 3662 1267 3695 munus
1309 3645 1540 3713 eligendi
1578 3644 1879 3712 quotanniS,
1922 3648 2159 3693 cantores

263 3728 608 3791 vocabuntur,
632 3731 689 3779 et
712 3727 832 3778 aliis
857 3731 1154 3796 praecinere
1180 3731 1464 3781 debebunt.

403 3878 461 3932 (1)
498 3878 566 3922 De
581 3877 732 3924 habitu
750 3880 995 3929 canonicali,
1012 3892 1053 3921 v.
1075 3882 1270 3930 Rescripc.
1294 3880 1340 3920 in
1361 3879 1568 3933 Append.‚
1592 3880 1640 3918 n⁰
1660 3878 1843 3929 XXIV„
1863 3890 1905 3930 p.
1922 3879 1986 3920 74.
