2514 4504
982 545 1227 590 APPEND.
1260 544 1342 589 xl.
2010 526 2092 589 63

338 703 422 754 12.
473 699 734 753 Similiter
758 695 1128 751 examinentur
1150 695 1315 747 testea
1337 694 1520 746 contra
1544 709 1780 753 causam.

339 789 422 838 13.
473 785 695 839 Collatis
719 788 853 836 tunc
876 780 1112 836 consiliis
1134 780 1232 832 fiat
1256 784 1321 832 ut
1346 796 1502 848 supra
1526 780 1585 832 n⁰
1611 779 1684 831 8⁰.

339 874 423 923 14.
473 871 627 934 Quod
651 870 697 923 si
730 873 894 922 testes
928 868 1105 920 nolint
1142 870 1239 918 aut
1270 869 1539 933 nequeant
1581 864 1807 917 concilio
1845 864 2100 929 assistere,

190 960 288 1012 aut
328 974 510 1010 eorum
556 955 927 1008 testimonium
975 954 1213 1004 nondum
1264 952 1391 1003 satis
1441 952 1774 1004 luculentum
1822 953 2101 1020 negotium

190 1045 398 1108 reddat,
434 1044 540 1095 duo
579 1042 768 1095 saltem
811 1056 876 1092 ex
920 1039 1231 1091 consiliariis
1273 1055 1306 1089 a
1348 1038 1573 1090 concilio
1618 1038 1957 1107 deputentur,
2002 1039 2096 1106 qui

193 1134 355 1183 testes
402 1130 675 1192 adeunteS,
725 1128 840 1179 loca
888 1126 1192 1189 invisenteS,
1242 1124 1345 1188 vel,
1394 1124 1501 1175 alio
1563 1141 1881 1193 quocunque
1942 1125 2101 1176 modo

192 1216 415 1286 possint,
452 1215 634 1266 lumen
667 1214 735 1265 ad
772 1211 938 1264 dubia
974 1211 1223 1262 solvenda
1254 1210 1599 1278 requirente8‚
1631 1210 1943 1261 relationem
1978 1226 2102 1261 suae

192 1300 621 1371 investigationis
645 1299 713 1350 ad
746 1297 1031 1349 concilium
1059 1296 1316 1360 deferant,
1342 1300 1408 1347 ut
1431 1296 1511 1347 ita
1534 1294 1684 1347 nulla
1708 1295 1797 1348 via
1828 1296 2099 1349 intentata

191 1387 521 1460 relinquatur
543 1385 613 1437 ad
637 1401 819 1438 verum
843 1382 1114 1437 moraliter
1137 1386 1280 1436 certo
1304 1381 1745 1454 cognoscendum.

1106 1711 1206 1768 XI.

963 1865 1047 1920 IN
1048 1864 1404 1921 STRUCTIO

609 2002 692 2046 DE
720 2002 1016 2048 cusroma
1042 2003 1259 2048 Foums
1286 2003 1686 2047 BAPnsMAms

375 2137 452 2180 lx
484 2135 642 2182 Acus
675 2137 919 2183 CONCILII
955 2137 1185 2180 MEDIOL.
1222 2137 1481 2180 PROVINO.
1519 2138 1598 2178 IV.
1634 2135 1935 2180 EXOERPTA.

462 2332 614 2392 Fons
638 2332 994 2407 baptismalis
1019 2350 1134 2406 qua
1158 2331 1378 2389 ratione
1403 2331 1832 2389 construendus.

335 2468 479 2525 Fons
500 2470 833 2540 baptismalis
869 2488 901 2523 e
937 2487 1214 2535 marmore,
1237 2474 1335 2523 aut
1376 2488 1406 2523 e
1448 2471 1617 2524 solido
1659 2469 1838 2540 lapide
1862 2471 2102 2523 constet:

193 2557 287 2628 qui
330 2557 375 2609 si
399 2573 521 2626 prae
558 2556 785 2619 rimulis,
823 2556 996 2608 aliave
1030 2557 1234 2609 ratione
1269 2557 1530 2625 ejusmodi
1574 2561 1671 2622 est,
1696 2561 1760 2608 ut
1802 2557 1927 2608 inde
1964 2573 2103 2625 aqua

194 2642 388 2697 sensim
413 2641 614 2706 effluat,
638 2641 799 2710 lapsis
823 2641 959 2694 alius
983 2641 1117 2695 bene
1155 2642 1354 2707 firmm,
1382 2642 1597 2708 solidUS,
1633 2659 1696 2695 ac
1738 2646 1892 2694 tutus
1917 2658 2103 2712 quam-

194 2738 430 2808 primum
455 2738 803 2803 comparetur.

338 2822 550 2873 Interea
596 2837 717 2873 vero
763 2819 833 2872 ad
870 2834 1064 2888 aquam
1112 2818 1489 2888 baptismalem
1537 2822 1660 2872 tuto
1708 2819 2104 2884 continendam,

194 2907 325 2960 dum
372 2907 466 2959 ille
501 2906 634 2959 alter
671 2909 901 2975 paretur,
943 2922 1051 2957 non
1090 2922 1181 2958 vas
1223 2905 1391 2957 fictile
1430 2905 1710 2958 alteriusve
1753 2908 1976 2975 generiS,
2014 2907 2103 2958 sed

195 3010 423 3057 aereum,
449 2996 656 3044 stamno
695 2992 765 3044 ab
805 2991 1043 3043 interiori
1080 2994 1228 3059 parte
1270 2991 1496 3054 illitum,
1535 2996 1687 3043 tante
1729 2992 2103 3060 magnitudine

194 3082 396 3148 quanta
432 3077 627 3146 lapidis
671 3078 908 3129 vacuitas
950 3081 1031 3130 est
1073 3078 1153 3128 ita
1192 3082 1437 3145 ponatur,
1474 3082 1540 3128 ut
1581 3078 1897 3129 intrinsecus
1944 3078 2103 3130 illum

194 3164 431 3232 undique
470 3163 699 3215 strictim
741 3164 1032 3235 attingens,
1073 3162 1311 3232 beneque
1336 3167 1676 3232 compactum
1713 3164 1889 3216 eidem
1914 3164 2101 3217 cohae-

195 3251 378 3300 rescat.

339 3327 553 3381 Habeat
600 3324 990 3397 operimentum
1038 3326 1123 3380 vel
1175 3326 1438 3380 ciborium
1487 3328 1557 3380 ad
1614 3345 1757 3381 sacra
1805 3329 1921 3381 olea
1980 3333 2103 3382 tuto

195 3412 542 3482 decenterque
567 3414 933 3477 conservanda,
959 3414 1017 3464 in
1041 3430 1103 3466 eo
1144 3414 1260 3481 ips-o
1303 3414 1451 3466 fonte
1494 3416 1970 3479 accommodatum,
1997 3418 2101 3467 nisi

196 3497 290 3548 ubi
316 3514 379 3548 ex
402 3497 841 3548 instructionibus
865 3496 1057 3547 nostris
1082 3496 1236 3547 aliter
1260 3497 1628 3549 exstruendem
1654 3502 1751 3549 est.
1827 3497 2101 3567 Conopaeo

197 3582 363 3633 etiam
389 3599 418 3634 e
442 3582 549 3633 tela
575 3582 762 3634 saltem
782 3586 1027 3650 opertum
1053 3582 1140 3634 sit.

339 3667 612 3719 Tabellam
655 3667 847 3719 habeat
884 3667 1019 3718 item
1062 3667 1395 3732 intrinschS,
1439 3685 1574 3736 quae
1618 3668 1844 3720 dimidia
1886 3674 2102 3723 tantum

198 3752 483 3822 aperiatur,
508 3754 772 3821 fontisque
798 3754 994 3805 ostium
1020 3769 1310 3822 compresse
1335 3755 1599 3819 claudenS,
1616 3772 1809 3824 aquam
1834 3773 1865 3807 a
1889 3758 2103 3827 pulvere

200 3838 256 3887 et
279 3834 399 3888 aliis
423 3836 657 3888 sordibus
682 3837 890 3887 cautius
915 3840 1144 3888 tueatur.
