2514 4504
446 426 528 486 62
1026 443 1187 485 coxo.
1234 441 1399 484 PRov.
1443 439 1662 483 wsser.
1708 442 1747 482 1.

583 597 634 647 5.
684 593 1129 647 convenientibus
1166 590 1475 642 consiliariis
1512 594 1750 657 tempore
1787 592 1844 641 et
1879 587 1994 641 loco
2029 588 2341 658 praefinitis,

438 680 728 747 praecipiat
752 679 1044 747 Episcopus
1070 677 1343 728 silentium
1368 675 1681 726 servandum
1705 674 1772 726 de
1790 674 1858 725 iis
1871 691 2007 743 quae
2032 676 2093 728 in
2116 677 2341 730 concilio

439 765 752 825 audiantur3
804 767 1017 814 moneat
1055 779 1262 832 quoque
1287 760 1754 829 investigationem
1778 775 1886 811 non
1911 777 2020 811 esse
2043 777 2341 828 processum

431 849 763 918 judicialem,
789 850 880 902 sed
918 866 978 901 eo
1002 849 1105 901 fine
1142 848 1400 910 habitam,
1438 851 1493 898 et
1531 863 1591 898 eo
1628 845 1786 896 modo
1823 845 2138 912 faciendam,
2174 851 2237 898 ut
2271 847 2341 900 ad

440 935 798 1004 cognitionem
823 935 932 988 veri
958 943 1270 1002 quacunque
1294 934 1498 985 ratione
1522 932 1875 1000 perveniatur,
1912 932 2042 983 adeo
2076 935 2143 983 ut
2177 949 2341 985 unus-

438 1022 659 1089 quisque
697 1020 1042 1082 consiliarius,
1076 1019 1320 1070 omnibus
1358 1035 1532 1069 coram
1568 1017 1680 1068 Deo
1716 1017 2002 1086 perpensiS,
2035 1017 2341 1085 opinionem
2409 1039 2418 1047 ·

439 1106 505 1157 de
546 1107 768 1158 veritate
817 1106 1078 1156 factorum
1121 1104 1312 1171 quibus
1356 1120 1512 1155 causa
1549 1103 1823 1168 innititur,
1865 1102 2136 1156 efformare
2177 1119 2340 1171 quam

440 1196 682 1242 accurate
705 1191 890 1259 possit.

581 1277 803 1330 Moneat
845 1276 1010 1327 etiam
1051 1291 1120 1327 ne
1168 1275 1299 1343 quid
1347 1275 1405 1327 in
1443 1273 1856 1345 investigatione
1896 1273 2012 1340 fiat,
2054 1274 2197 1343 quod
2242 1277 2342 1327 aut

437 1364 593 1431 iPSOS,
609 1366 704 1414 aut
722 1362 851 1413 alios
869 1361 1101 1430 periculo
1120 1361 1304 1412 damni
1320 1365 1416 1412 aut
1429 1360 1750 1431 gravaminis
1769 1364 2017 1429 exponat,
2030 1360 2340 1429 praesertim

436 1465 502 1500 ne
526 1448 670 1499 locus
695 1449 849 1499 detur
873 1448 1073 1498 actioni
1097 1446 1268 1498 libelli
1293 1446 1499 1510 famosi,
1517 1446 1603 1498 vel
1621 1445 1718 1498 alii
1737 1446 2037 1515 cuicunque
2055 1446 2338 1515 processui,

438 1550 612 1585 coram
638 1533 892 1585 tribunali
917 1532 1081 1583 civili.

581 1620 631 1672 6.
681 1619 893 1670 Relatio
925 1635 1111 1670 causae
1154 1618 1364 1686 legatur
1398 1634 1574 1670 coram
1609 1618 1834 1670 concilio
1868 1617 1937 1671 ab
1973 1617 2224 1688 Episcopi
2259 1617 2340 1671 of-

434 1701 615 1765 ficiali,
652 1701 747 1770 qui
784 1700 950 1752 etiam
987 1700 1055 1749 ad
1091 1700 1543 1768 interpellationes
1572 1701 1911 1769 respondebit
1934 1717 1966 1752 a
1989 1702 2228 1770 praeside
2251 1701 2337 1754 vel

434 1784 502 1834 ab
543 1783 663 1835 aliis
698 1783 1010 1834 consiliariis
1052 1799 1144 1850 per
1186 1782 1480 1850 praesidem
1518 1783 1783 1835 faciendas
1819 1783 1889 1836 ad
1925 1783 2221 1837 uberiorem
2259 1784 2336 1836 rei

434 1866 687 1918 notitiam
712 1864 1105 1933 assequendam.

580 1947 630 2002 7.
680 1948 884 1998 Deinde
918 1946 977 1997 in
1013 1946 1300 1998 concilium
1341 1946 1708 1999 introducatur
1744 1951 1914 2000 rector
1959 1947 2337 2012 missionarius,

434 2034 529 2105 qui
576 2049 882 2101 responsum
931 2048 963 2081 a
1011 2048 1066 2082 se
1114 2031 1416 2083 confectum
1465 2032 1606 2102 leget
1656 2037 1713 2086 et
1761 2033 1830 2085 ad
1884 2033 2336 2103 interpellationes

436 2119 683 2171 similiter
706 2117 1058 2186 respondebit.

579 2206 629 2254 8.
680 2203 828 2254 Tunc
853 2203 1059 2254 collatis
1084 2203 1335 2267 consiliis,
1366 2203 1411 2254 si
1435 2204 1638 2256 duabus
1663 2203 1852 2256 saltem
1877 2222 1942 2257 ex
1973 2205 2144 2257 tribus
2171 2206 2337 2275 parti·

433 2290 530 2342 bus
562 2289 975 2341 consiliariorum
1009 2289 1137 2339 satis
1162 2292 1397 2340 constare
1427 2289 1494 2340 de
1527 2290 1682 2341 factis
1715 2291 1977 2355 videatur,
2013 2292 2335 2343 sententiam

435 2393 583 2428 suam
615 2374 975 2442 unusquisque
1009 2374 1337 2425 consiliarius
1369 2374 1427 2426 in
1453 2375 1662 2443 scriptis
1688 2376 1797 2439 det,
1821 2376 2115 2428 rationibus
2142 2377 2334 2444 quibus

434 2461 631 2510 nititur
669 2459 950 2527 expressis:
1005 2459 1340 2510 conferantur
1381 2461 1706 2522 sententiae3
1758 2463 1878 2514 acta
1914 2462 1974 2512 in
2009 2461 2233 2514 concilio
2268 2462 2338 2515 ab

433 2544 686 2614 Episcopi
720 2544 933 2596 officiali
975 2545 1297 2613 redigantur,
1321 2548 1378 2596 et
1418 2562 1451 2595 a
1488 2546 1724 2612 praeside
1766 2546 1826 2597 in
1866 2547 2082 2608 nomine
2121 2548 2335 2600 concilii

434 2628 840 2690 subscribantur,
875 2631 931 2677 et
956 2626 1116 2677 simul
1140 2643 1263 2677 cum
1289 2627 1566 2679 sententiis
1591 2627 1923 2698 singulorum
1945 2628 2006 2680 in
2029 2631 2243 2693 extenso
2265 2629 2335 2682 ad

435 2715 760 2784 Episcopum
785 2713 1100 2764 deferantur.
2099 2780 2103 2785 Ι
2127 2779 2129 2781 ¹

578 2801 630 2852 9.
681 2798 832 2859 Quod
881 2798 926 2848 si
974 2797 1191 2848 ulterior
1238 2796 1579 2867 investigatio
1632 2799 1922 2850 necessaria
1968 2799 2055 2852 vel
2102 2816 2334 2869 congrua

437 2886 695 2947 videatur,
738 2900 800 2935 eo
846 2883 962 2951 ipso
1011 2882 1114 2946 die,
1163 2882 1248 2933 vel
1295 2882 1400 2934 alio
1447 2883 1516 2935 ad
1564 2885 1984 2936 conveniendum
2029 2902 2065 2936 a
2110 2885 2334 2937 concilio

438 2969 746 3031 constituto,
794 2971 956 3019 testes
1002 2971 1254 3018 vocentur
1299 2983 1429 3034 quos
1476 2973 1798 3035 opportunos
1846 2969 2132 3022 concilium
2184 2970 2335 3039 judi-

442 3053 656 3116 caverit,
704 3052 889 3103 audito
949 3052 1115 3103 etiam
1174 3056 1370 3104 rectore
1428 3052 1758 3106 missionario
1805 3054 1872 3107 de
1931 3054 2000 3107 iis
2045 3071 2174 3123 quos
2220 3055 2335 3124 ipse

439 3138 764 3189 advocandos
789 3154 896 3188 esse
920 3137 1162 3188 voluerit.

586 3225 669 3273 10.
719 3222 1103 3273 Examinentur
1140 3223 1351 3274 seorsim
1384 3226 1561 3287 testeS,
1598 3241 1693 3292 pro
1725 3240 1899 3288 causa,
1937 3241 1971 3276 a
2006 3225 2244 3293 praeside
2276 3229 2334 3278 et

440 3309 508 3359 ab
555 3308 673 3358 aliis
722 3325 814 3374 per
861 3308 1169 3375 praesidem,
1206 3307 1421 3359 absente
1469 3310 1702 3376 primum
1743 3313 1941 3361 rectore
1986 3309 2333 3375 missionariO,

436 3397 698 3461 quantum
739 3391 852 3442 fieri
877 3396 1053 3459 potest
1077 3397 1334 3456 accurate,
1369 3410 1475 3444 non
1512 3394 1754 3445 adhibito
1782 3394 2106 3462 juramento,
2145 3395 2253 3459 sed,
2287 3397 2332 3447 si

436 3495 543 3530 non
566 3480 790 3528 renuant
821 3477 942 3543 ipsi,
976 3477 1321 3528 asserentibus
1354 3478 1576 3530 testibus
1610 3496 1663 3529 se
1692 3483 1900 3546 paratos
1937 3496 2044 3530 esse
2079 3480 2148 3530 ad
2180 3482 2333 3531 testi-

436 3563 678 3614 monium
702 3577 854 3612 suum
871 3560 1172 3628 juramento
1196 3561 1629 3625 confirmandum,
1654 3563 1699 3613 si
1724 3564 1925 3614 occasio
1950 3564 2178 3616 daretur.

581 3648 665 3696 11.
704 3643 1163 3696 Consentientibus
1177 3646 1420 3708 testibus,
1438 3650 1494 3696 et
1508 3646 1771 3715 dirigente
1791 3647 2074 3714 prudentia
2097 3649 2328 3712 concilii,

435 3734 702 3799 repetatur
720 3731 1086 3781 testimomum
1101 3747 1273 3781 coram
1291 3734 1488 3782 rectore
1506 3732 1832 3783 missionario
1851 3732 1944 3799 qui
1963 3732 2149 3800 etipse
2168 3737 2329 3785 testes

438 3828 566 3871 tunc
591 3813 874 3885 interroget
898 3830 991 3880 per
1014 3814 1319 3883 praesidem.
