<?xml version="1.0" encoding="UTF-8"?>
<!DOCTYPE html PUBLIC "-//W3C//DTD XHTML 1.0 Transitional//EN"
    "http://www.w3.org/TR/xhtml1/DTD/xhtml1-transitional.dtd">
<html xmlns="http://www.w3.org/1999/xhtml" xml:lang="en" lang="en">
 <head>
  <title>
</title>
<meta http-equiv="Content-Type" content="text/html;charset=utf-8" />
  <meta name='ocr-system' content='tesseract 3.04.00' />
  <meta name='ocr-capabilities' content='ocr_page ocr_carea ocr_par ocr_line ocrx_word'/>
</head>
<body>
  <div class='ocr_page' id='page_1' title='image "a613743300cathuoft_0325.png"; bbox 0 0 2514 4504; ppageno 0'>
   <div class='ocr_carea' id='block_1_1' title="bbox 981 460 2098 523">
    <p class='ocr_par' dir='ltr' id='par_1_1' title="bbox 981 460 2098 523">
     <span class='ocr_line' id='line_1_1' title="bbox 981 460 2098 523; baseline -0.004 -11"><span class='ocrx_word' id='word_1_1' title='bbox 981 471 1223 512; x_wconf 72' lang='lat' dir='ltr'>APPEND.</span> <span class='ocrx_word' id='word_1_2' title='bbox 1272 471 1346 512; x_wconf 82' lang='lat' dir='ltr'><strong>1x.</strong></span> <span class='ocrx_word' id='word_1_3' title='bbox 1982 460 2098 523; x_wconf 82' lang='lat'><strong>307</strong></span> 
     </span>
    </p>
   </div>
   <div class='ocr_carea' id='block_1_2' title="bbox 214 613 2121 2291">
    <p class='ocr_par' dir='ltr' id='par_1_2' title="bbox 215 613 2118 1540">
     <span class='ocr_line' id='line_1_2' title="bbox 216 613 2108 681; baseline 0.001 -14"><span class='ocrx_word' id='word_1_4' title='bbox 216 614 530 667; x_wconf 76' lang='lat' dir='ltr'><strong>tristissimis</strong></span> <span class='ocrx_word' id='word_1_5' title='bbox 578 614 720 664; x_wconf 90' lang='lat' dir='ltr'><strong>hisce</strong></span> <span class='ocrx_word' id='word_1_6' title='bbox 770 613 1094 681; x_wconf 77' lang='lat' dir='ltr'><strong>temporibus</strong></span> <span class='ocrx_word' id='word_1_7' title='bbox 1144 614 1358 680; x_wconf 86' lang='lat' dir='ltr'><strong>spiritus</strong></span> <span class='ocrx_word' id='word_1_8' title='bbox 1408 615 1588 665; x_wconf 90' lang='lat' dir='ltr'><strong>omnia</strong></span> <span class='ocrx_word' id='word_1_9' title='bbox 1637 617 1923 666; x_wconf 87' lang='lat' dir='ltr'><strong>innovandi</strong></span> <span class='ocrx_word' id='word_1_10' title='bbox 1972 617 2108 669; x_wconf 83' lang='lat' dir='ltr'><strong>haud</strong></span> 
     </span>
     <span class='ocr_line' id='line_1_3' title="bbox 215 699 2110 770; baseline 0.001 -18"><span class='ocrx_word' id='word_1_11' title='bbox 215 718 407 770; x_wconf 89' lang='lat' dir='ltr'><strong>paucos</strong></span> <span class='ocrx_word' id='word_1_12' title='bbox 433 700 667 762; x_wconf 90' lang='lat' dir='ltr'><strong>seducat,</strong></span> <span class='ocrx_word' id='word_1_13' title='bbox 686 703 741 750; x_wconf 93' lang='lat' dir='ltr'><strong>et</strong></span> <span class='ocrx_word' id='word_1_14' title='bbox 766 716 827 750; x_wconf 82' lang='lat' dir='ltr'><strong>ex</strong></span> <span class='ocrx_word' id='word_1_15' title='bbox 855 715 959 749; x_wconf 89' lang='lat' dir='ltr'><strong>una</strong></span> <span class='ocrx_word' id='word_1_16' title='bbox 985 699 1223 749; x_wconf 85' lang='lat' dir='ltr'><strong>novitate</strong></span> <span class='ocrx_word' id='word_1_17' title='bbox 1249 700 1306 749; x_wconf 90' lang='lat' dir='ltr'><strong>in</strong></span> <span class='ocrx_word' id='word_1_18' title='bbox 1331 699 1492 751; x_wconf 91' lang='lat' dir='ltr'><strong>aliam</strong></span> <span class='ocrx_word' id='word_1_19' title='bbox 1518 700 1672 751; x_wconf 86' lang='lat' dir='ltr'><strong>facile</strong></span> <span class='ocrx_word' id='word_1_20' title='bbox 1698 702 1905 768; x_wconf 82' lang='lat' dir='ltr'><strong>procedi</strong></span> <span class='ocrx_word' id='word_1_21' title='bbox 1931 705 2110 770; x_wconf 82' lang='lat' dir='ltr'><strong>possit.</strong></span> 
     </span>
     <span class='ocr_line' id='line_1_4' title="bbox 218 783 2112 851; baseline 0 -13"><span class='ocrx_word' id='word_1_22' title='bbox 218 787 361 850; x_wconf 85' lang='lat' dir='ltr'>Quae</span> <span class='ocrx_word' id='word_1_23' title='bbox 403 803 525 837; x_wconf 91' lang='lat' dir='ltr'><strong>cum</strong></span> <span class='ocrx_word' id='word_1_24' title='bbox 564 786 642 836; x_wconf 88' lang='lat' dir='ltr'><strong>ita</strong></span> <span class='ocrx_word' id='word_1_25' title='bbox 685 786 811 847; x_wconf 89' lang='lat' dir='ltr'><strong>sint,</strong></span> <span class='ocrx_word' id='word_1_26' title='bbox 854 784 1056 851; x_wconf 87' lang='lat' dir='ltr'><strong>placuit</strong></span> <span class='ocrx_word' id='word_1_27' title='bbox 1095 783 1383 835; x_wconf 88' lang='lat' dir='ltr'><strong>Sanctitati</strong></span> <span class='ocrx_word' id='word_1_28' title='bbox 1422 803 1544 836; x_wconf 88' lang='lat' dir='ltr'><strong>suae</strong></span> <span class='ocrx_word' id='word_1_29' title='bbox 1582 786 1716 836; x_wconf 90' lang='lat' dir='ltr'><strong>mihi</strong></span> <span class='ocrx_word' id='word_1_30' title='bbox 1755 788 1810 836; x_wconf 91' lang='lat' dir='ltr'><strong>in</strong></span> <span class='ocrx_word' id='word_1_31' title='bbox 1849 789 2112 838; x_wconf 80' lang='lat' dir='ltr'><strong>mandatis</strong></span> 
     </span>
     <span class='ocr_line' id='line_1_5' title="bbox 216 869 2112 940; baseline 0 -17"><span class='ocrx_word' id='word_1_32' title='bbox 216 873 335 924; x_wconf 89' lang='lat' dir='ltr'><strong>dare</strong></span> <span class='ocrx_word' id='word_1_33' title='bbox 360 876 422 922; x_wconf 85' lang='lat' dir='ltr'><strong>ut</strong></span> <span class='ocrx_word' id='word_1_34' title='bbox 448 870 693 922; x_wconf 88' lang='lat' dir='ltr'><strong>omnibus</strong></span> <span class='ocrx_word' id='word_1_35' title='bbox 719 869 970 920; x_wconf 89' lang='lat' dir='ltr'><strong>Bavariae</strong></span> <span class='ocrx_word' id='word_1_36' title='bbox 999 869 1349 921; x_wconf 87' lang='lat' dir='ltr'><strong>Antistitibus</strong></span> <span class='ocrx_word' id='word_1_37' title='bbox 1386 888 1477 922; x_wconf 87' lang='lat' dir='ltr'><strong>suo</strong></span> <span class='ocrx_word' id='word_1_38' title='bbox 1515 872 1727 922; x_wconf 90' lang='lat' dir='ltr'><strong>nomine</strong></span> <span class='ocrx_word' id='word_1_39' title='bbox 1766 872 2112 940; x_wconf 87' lang='lat' dir='ltr'><strong>significarem</strong></span> 
     </span>
     <span class='ocr_line' id='line_1_6' title="bbox 216 954 2115 1024; baseline 0.001 -16"><span class='ocrx_word' id='word_1_40' title='bbox 216 958 283 1009; x_wconf 91' lang='lat' dir='ltr'><strong>ab</strong></span> <span class='ocrx_word' id='word_1_41' title='bbox 307 957 435 1024; x_wconf 87' lang='lat' dir='ltr'><strong>ipsis</strong></span> <span class='ocrx_word' id='word_1_42' title='bbox 477 956 693 1007; x_wconf 89' lang='lat' dir='ltr'><strong>omnino</strong></span> <span class='ocrx_word' id='word_1_43' title='bbox 736 954 1026 1005; x_wconf 85' lang='lat' dir='ltr'><strong>curandum</strong></span> <span class='ocrx_word' id='word_1_44' title='bbox 1066 971 1192 1018; x_wconf 88' lang='lat' dir='ltr'><strong>esse,</strong></span> <span class='ocrx_word' id='word_1_45' title='bbox 1229 972 1334 1007; x_wconf 94' lang='lat' dir='ltr'><strong>non</strong></span> <span class='ocrx_word' id='word_1_46' title='bbox 1374 956 1542 1006; x_wconf 91' lang='lat' dir='ltr'><strong>solum</strong></span> <span class='ocrx_word' id='word_1_47' title='bbox 1569 962 1631 1006; x_wconf 93' lang='lat' dir='ltr'><strong>ut</strong></span> <span class='ocrx_word' id='word_1_48' title='bbox 1669 957 1967 1023; x_wconf 89' lang='lat' dir='ltr'><strong>praedictus</strong></span> <span class='ocrx_word' id='word_1_49' title='bbox 1992 976 2115 1009; x_wconf 88' lang='lat' dir='ltr'><strong>usus</strong></span> 
     </span>
     <span class='ocr_line' id='line_1_7' title="bbox 217 1040 2117 1112; baseline -0.001 -17"><span class='ocrx_word' id='word_1_50' title='bbox 217 1059 449 1112; x_wconf 82' lang='lat' dir='ltr'><strong>expresse</strong></span> <span class='ocrx_word' id='word_1_51' title='bbox 491 1040 846 1109; x_wconf 80' lang='lat' dir='ltr'><strong>prohibeatur,</strong></span> <span class='ocrx_word' id='word_1_52' title='bbox 884 1041 974 1092; x_wconf 89' lang='lat' dir='ltr'><strong>sed</strong></span> <span class='ocrx_word' id='word_1_53' title='bbox 1024 1041 1189 1092; x_wconf 92' lang='lat' dir='ltr'><strong>etiam</strong></span> <span class='ocrx_word' id='word_1_54' title='bbox 1226 1044 1290 1091; x_wconf 93' lang='lat' dir='ltr'><strong>ut</strong></span> <span class='ocrx_word' id='word_1_55' title='bbox 1332 1041 1641 1108; x_wconf 76' lang='lat' dir='ltr'><strong>disciplinae</strong></span> <span class='ocrx_word' id='word_1_56' title='bbox 1677 1042 1873 1104; x_wconf 63' lang='lat' dir='ltr'><strong>unitam,</strong></span> <span class='ocrx_word' id='word_1_57' title='bbox 1910 1053 1966 1093; x_wconf 87' lang='lat' dir='ltr'><strong>et</strong></span> <span class='ocrx_word' id='word_1_58' title='bbox 2002 1062 2117 1111; x_wconf 89' lang='lat' dir='ltr'><strong>per-</strong></span> 
     </span>
     <span class='ocr_line' id='line_1_8' title="bbox 217 1125 2116 1195; baseline 0 -14"><span class='ocrx_word' id='word_1_59' title='bbox 217 1131 355 1181; x_wconf 89' lang='lat' dir='ltr'><strong>fecta</strong></span> <span class='ocrx_word' id='word_1_60' title='bbox 391 1144 514 1178; x_wconf 90' lang='lat' dir='ltr'><strong>cum</strong></span> <span class='ocrx_word' id='word_1_61' title='bbox 552 1126 786 1176; x_wconf 85' lang='lat' dir='ltr'><strong>Ecclesia</strong></span> <span class='ocrx_word' id='word_1_62' title='bbox 829 1125 1067 1177; x_wconf 89' lang='lat' dir='ltr'><strong>Romana</strong></span> <span class='ocrx_word' id='word_1_63' title='bbox 1110 1127 1348 1177; x_wconf 91' lang='lat' dir='ltr'><strong>omnium</strong></span> <span class='ocrx_word' id='word_1_64' title='bbox 1391 1128 1644 1195; x_wconf 86' lang='lat' dir='ltr'><strong>magistra</strong></span> <span class='ocrx_word' id='word_1_65' title='bbox 1687 1128 2025 1180; x_wconf 82' lang='lat' dir='ltr'><strong>conformitas</strong></span> <span class='ocrx_word' id='word_1_66' title='bbox 2061 1131 2116 1181; x_wconf 90' lang='lat' dir='ltr'><strong>in</strong></span> 
     </span>
     <span class='ocr_line' id='line_1_9' title="bbox 217 1212 2118 1280; baseline -0.002 -12"><span class='ocrx_word' id='word_1_67' title='bbox 217 1214 476 1276; x_wconf 83' lang='lat' dir='ltr'><strong>omnibus,</strong></span> <span class='ocrx_word' id='word_1_68' title='bbox 500 1230 561 1264; x_wconf 89' lang='lat' dir='ltr'><strong>ac</strong></span> <span class='ocrx_word' id='word_1_69' title='bbox 585 1212 804 1280; x_wconf 89' lang='lat' dir='ltr'><strong>proinde</strong></span> <span class='ocrx_word' id='word_1_70' title='bbox 830 1212 885 1262; x_wconf 91' lang='lat' dir='ltr'><strong>in</strong></span> <span class='ocrx_word' id='word_1_71' title='bbox 923 1212 1113 1263; x_wconf 89' lang='lat' dir='ltr'><strong>habitu</strong></span> <span class='ocrx_word' id='word_1_72' title='bbox 1148 1216 1204 1263; x_wconf 90' lang='lat' dir='ltr'><strong>et</strong></span> <span class='ocrx_word' id='word_1_73' title='bbox 1246 1216 1459 1263; x_wconf 86' lang='lat' dir='ltr'><strong>tonsura</strong></span> <span class='ocrx_word' id='word_1_74' title='bbox 1502 1213 1825 1277; x_wconf 89' lang='lat' dir='ltr'><strong>clericorum,</strong></span> <span class='ocrx_word' id='word_1_75' title='bbox 1870 1220 2118 1279; x_wconf 87' lang='lat' dir='ltr'><strong>servetur,</strong></span> 
     </span>
     <span class='ocr_line' id='line_1_10' title="bbox 217 1297 2117 1367; baseline -0.002 -13"><span class='ocrx_word' id='word_1_76' title='bbox 217 1302 315 1364; x_wconf 90' lang='lat' dir='ltr'><strong>vel,</strong></span> <span class='ocrx_word' id='word_1_77' title='bbox 340 1301 384 1352; x_wconf 90' lang='lat' dir='ltr'><strong>si</strong></span> <span class='ocrx_word' id='word_1_78' title='bbox 427 1316 557 1367; x_wconf 90' lang='lat' dir='ltr'><strong>opus</strong></span> <span class='ocrx_word' id='word_1_79' title='bbox 601 1298 691 1360; x_wconf 88' lang='lat' dir='ltr'><strong>sit,</strong></span> <span class='ocrx_word' id='word_1_80' title='bbox 714 1302 1068 1358; x_wconf 84' lang='lat' dir='ltr'><strong>restauretur3</strong></span> <span class='ocrx_word' id='word_1_81' title='bbox 1105 1314 1166 1348; x_wconf 91' lang='lat' dir='ltr'><strong>ac</strong></span> <span class='ocrx_word' id='word_1_82' title='bbox 1192 1297 1590 1366; x_wconf 88' lang='lat' dir='ltr'><strong>qualiscumque</strong></span> <span class='ocrx_word' id='word_1_83' title='bbox 1626 1315 1761 1350; x_wconf 91' lang='lat' dir='ltr'><strong>nova</strong></span> <span class='ocrx_word' id='word_1_84' title='bbox 1797 1301 2117 1351; x_wconf 87' lang='lat' dir='ltr'><strong>consuetudo</strong></span> 
     </span>
     <span class='ocr_line' id='line_1_11' title="bbox 216 1381 2118 1454; baseline -0.002 -15"><span class='ocrx_word' id='word_1_85' title='bbox 216 1391 441 1448; x_wconf 89' lang='lat' dir='ltr'><strong>vetetur,</strong></span> <span class='ocrx_word' id='word_1_86' title='bbox 467 1401 599 1454; x_wconf 83' lang='lat' dir='ltr'><strong>quae</strong></span> <span class='ocrx_word' id='word_1_87' title='bbox 625 1382 880 1450; x_wconf 86' lang='lat' dir='ltr'><strong>Supremo</strong></span> <span class='ocrx_word' id='word_1_88' title='bbox 921 1383 1187 1434; x_wconf 88' lang='lat' dir='ltr'><strong>Ecclesiae</strong></span> <span class='ocrx_word' id='word_1_89' title='bbox 1215 1381 1391 1450; x_wconf 89' lang='lat' dir='ltr'><strong>Capiti</strong></span> <span class='ocrx_word' id='word_1_90' title='bbox 1435 1385 1673 1451; x_wconf 90' lang='lat' dir='ltr'><strong>apprime</strong></span> <span class='ocrx_word' id='word_1_91' title='bbox 1710 1386 1925 1454; x_wconf 78' lang='lat' dir='ltr'><strong>cognita</strong></span> <span class='ocrx_word' id='word_1_92' title='bbox 1960 1390 2118 1453; x_wconf 87' lang='lat' dir='ltr'><strong>atque</strong></span> 
     </span>
     <span class='ocr_line' id='line_1_12' title="bbox 216 1469 915 1540; baseline -0.01 -15"><span class='ocrx_word' id='word_1_93' title='bbox 216 1474 283 1525; x_wconf 90' lang='lat' dir='ltr'><strong>ab</strong></span> <span class='ocrx_word' id='word_1_94' title='bbox 308 1473 431 1540; x_wconf 92' lang='lat' dir='ltr'><strong>Ipso</strong></span> <span class='ocrx_word' id='word_1_95' title='bbox 455 1470 673 1538; x_wconf 90' lang='lat' dir='ltr'><strong>probata</strong></span> <span class='ocrx_word' id='word_1_96' title='bbox 698 1485 803 1520; x_wconf 90' lang='lat' dir='ltr'><strong>non</strong></span> <span class='ocrx_word' id='word_1_97' title='bbox 830 1469 915 1519; x_wconf 89' lang='lat' dir='ltr'><strong>sit.</strong></span> 
     </span>
    </p>

    <p class='ocr_par' dir='ltr' id='par_1_3' title="bbox 214 1552 2121 2122">
     <span class='ocr_line' id='line_1_13' title="bbox 357 1552 2118 1617; baseline -0.002 -9"><span class='ocrx_word' id='word_1_98' title='bbox 357 1558 500 1607; x_wconf 91' lang='lat' dir='ltr'><strong>Dum</strong></span> <span class='ocrx_word' id='word_1_99' title='bbox 524 1555 652 1606; x_wconf 90' lang='lat' dir='ltr'><strong>haec</strong></span> <span class='ocrx_word' id='word_1_100' title='bbox 678 1553 1036 1603; x_wconf 83' lang='lat' dir='ltr'><strong>Excellentiae</strong></span> <span class='ocrx_word' id='word_1_101' title='bbox 1055 1553 1196 1603; x_wconf 89' lang='lat' dir='ltr'><strong>Tuae</strong></span> <span class='ocrx_word' id='word_1_102' title='bbox 1223 1552 1428 1604; x_wconf 89' lang='lat' dir='ltr'><strong>Illmae.</strong></span> <span class='ocrx_word' id='word_1_103' title='bbox 1449 1570 1509 1604; x_wconf 90' lang='lat' dir='ltr'><strong>ac</strong></span> <span class='ocrx_word' id='word_1_104' title='bbox 1531 1554 1796 1617; x_wconf 89' lang='lat' dir='ltr'><strong>Revmae.‚</strong></span> <span class='ocrx_word' id='word_1_105' title='bbox 1814 1554 2118 1606; x_wconf 84' lang='lat' dir='ltr'><strong>Beatissimi</strong></span> 
     </span>
     <span class='ocr_line' id='line_1_14' title="bbox 217 1638 2119 1709; baseline -0.003 -13"><span class='ocrx_word' id='word_1_106' title='bbox 217 1644 391 1697; x_wconf 89' lang='lat' dir='ltr'><strong>Patris</strong></span> <span class='ocrx_word' id='word_1_107' title='bbox 430 1643 584 1709; x_wconf 88' lang='lat' dir='ltr'><strong>jussu</strong></span> <span class='ocrx_word' id='word_1_108' title='bbox 633 1656 694 1690; x_wconf 86' lang='lat' dir='ltr'><strong>ac</strong></span> <span class='ocrx_word' id='word_1_109' title='bbox 742 1639 973 1701; x_wconf 90' lang='lat' dir='ltr'><strong>nomine,</strong></span> <span class='ocrx_word' id='word_1_110' title='bbox 1012 1638 1196 1701; x_wconf 83' lang='lat' dir='ltr'><strong>scribO,</strong></span> <span class='ocrx_word' id='word_1_111' title='bbox 1235 1638 1398 1689; x_wconf 89' lang='lat' dir='ltr'><strong>Illam</strong></span> <span class='ocrx_word' id='word_1_112' title='bbox 1446 1656 1572 1708; x_wconf 84' lang='lat' dir='ltr'><strong>rogo</strong></span> <span class='ocrx_word' id='word_1_113' title='bbox 1621 1644 1702 1702; x_wconf 91' lang='lat' dir='ltr'><strong>ut,</strong></span> <span class='ocrx_word' id='word_1_114' title='bbox 1739 1657 1823 1690; x_wconf 89' lang='lat' dir='ltr'><strong>me</strong></span> <span class='ocrx_word' id='word_1_115' title='bbox 1860 1641 1926 1691; x_wconf 92' lang='lat' dir='ltr'><strong>de</strong></span> <span class='ocrx_word' id='word_1_116' title='bbox 1962 1640 2119 1707; x_wconf 88' lang='lat' dir='ltr'><strong>hujus</strong></span> 
     </span>
     <span class='ocr_line' id='line_1_15' title="bbox 217 1724 2119 1798; baseline -0.003 -17"><span class='ocrx_word' id='word_1_117' title='bbox 217 1728 485 1798; x_wconf 87' lang='lat' dir='ltr'><strong>Epistolae</strong></span> <span class='ocrx_word' id='word_1_118' title='bbox 521 1725 819 1793; x_wconf 82' lang='lat' dir='ltr'><strong>receptione</strong></span> <span class='ocrx_word' id='word_1_119' title='bbox 868 1726 1191 1775; x_wconf 83' lang='lat' dir='ltr'><strong>instructum</strong></span> <span class='ocrx_word' id='word_1_120' title='bbox 1234 1724 1472 1786; x_wconf 70' lang='lat' dir='ltr'><strong>reddem,</strong></span> <span class='ocrx_word' id='word_1_121' title='bbox 1512 1724 1646 1775; x_wconf 87' lang='lat' dir='ltr'><strong>mihi</strong></span> <span class='ocrx_word' id='word_1_122' title='bbox 1687 1726 1852 1775; x_wconf 91' lang='lat' dir='ltr'><strong>etiam</strong></span> <span class='ocrx_word' id='word_1_123' title='bbox 1889 1725 2119 1776; x_wconf 91' lang='lat' dir='ltr'><strong>indicare</strong></span> 
     </span>
     <span class='ocr_line' id='line_1_16' title="bbox 216 1809 2121 1881; baseline -0.003 -15"><span class='ocrx_word' id='word_1_124' title='bbox 216 1815 348 1867; x_wconf 86' lang='lat' dir='ltr'><strong>velit</strong></span> <span class='ocrx_word' id='word_1_125' title='bbox 371 1813 501 1881; x_wconf 91' lang='lat' dir='ltr'><strong>quid</strong></span> <span class='ocrx_word' id='word_1_126' title='bbox 526 1810 856 1861; x_wconf 85' lang='lat' dir='ltr'><strong>Excellentia</strong></span> <span class='ocrx_word' id='word_1_127' title='bbox 881 1810 995 1859; x_wconf 87' lang='lat' dir='ltr'><strong>Tua</strong></span> <span class='ocrx_word' id='word_1_128' title='bbox 1032 1813 1391 1876; x_wconf 87' lang='lat' dir='ltr'><strong>opportunum</strong></span> <span class='ocrx_word' id='word_1_129' title='bbox 1429 1809 1595 1859; x_wconf 89' lang='lat' dir='ltr'><strong>facere</strong></span> <span class='ocrx_word' id='word_1_130' title='bbox 1632 1810 2032 1873; x_wconf 84' lang='lat' dir='ltr'><strong>existimaverit,</strong></span> <span class='ocrx_word' id='word_1_131' title='bbox 2057 1815 2121 1861; x_wconf 87' lang='lat' dir='ltr'><strong>ut</strong></span> 
     </span>
     <span class='ocr_line' id='line_1_17' title="bbox 214 1893 2117 1969; baseline -0.003 -18"><span class='ocrx_word' id='word_1_132' title='bbox 214 1899 510 1969; x_wconf 89' lang='lat' dir='ltr'><strong>praedictus</strong></span> <span class='ocrx_word' id='word_1_133' title='bbox 547 1913 690 1958; x_wconf 79' lang='lat' dir='ltr'><strong>usuS,</strong></span> <span class='ocrx_word' id='word_1_134' title='bbox 734 1895 777 1945; x_wconf 90' lang='lat' dir='ltr'><strong>si</strong></span> <span class='ocrx_word' id='word_1_135' title='bbox 815 1895 947 1945; x_wconf 85' lang='lat' dir='ltr'><strong>forte</strong></span> <span class='ocrx_word' id='word_1_136' title='bbox 983 1895 1042 1944; x_wconf 92' lang='lat' dir='ltr'><strong>in</strong></span> <span class='ocrx_word' id='word_1_137' title='bbox 1078 1895 1182 1945; x_wconf 87' lang='lat' dir='ltr'><strong>ista</strong></span> <span class='ocrx_word' id='word_1_138' title='bbox 1218 1893 1457 1944; x_wconf 88' lang='lat' dir='ltr'><strong>Dioecesi</strong></span> <span class='ocrx_word' id='word_1_139' title='bbox 1495 1895 1825 1945; x_wconf 86' lang='lat' dir='ltr'><strong>manifestari</strong></span> <span class='ocrx_word' id='word_1_140' title='bbox 1862 1895 2117 1962; x_wconf 92' lang='lat' dir='ltr'><strong>incoepit,</strong></span> 
     </span>
     <span class='ocr_line' id='line_1_18' title="bbox 214 1979 2119 2052; baseline -0.004 -15"><span class='ocrx_word' id='word_1_141' title='bbox 214 1983 479 2052; x_wconf 87' lang='lat' dir='ltr'><strong>extemplo</strong></span> <span class='ocrx_word' id='word_1_142' title='bbox 526 1981 870 2048; x_wconf 88' lang='lat' dir='ltr'><strong>relinquatur,</strong></span> <span class='ocrx_word' id='word_1_143' title='bbox 914 1983 1076 2047; x_wconf 90' lang='lat' dir='ltr'><strong>atque</strong></span> <span class='ocrx_word' id='word_1_144' title='bbox 1124 1982 1188 2029; x_wconf 95' lang='lat' dir='ltr'><strong>ut</strong></span> <span class='ocrx_word' id='word_1_145' title='bbox 1237 1979 1441 2029; x_wconf 89' lang='lat' dir='ltr'><strong>nemini</strong></span> <span class='ocrx_word' id='word_1_146' title='bbox 1490 1996 1726 2047; x_wconf 89' lang='lat' dir='ltr'><strong>unquam</strong></span> <span class='ocrx_word' id='word_1_147' title='bbox 1776 1981 1834 2030; x_wconf 92' lang='lat' dir='ltr'><strong>in</strong></span> <span class='ocrx_word' id='word_1_148' title='bbox 1883 1986 2119 2031; x_wconf 89' lang='lat' dir='ltr'><strong>mentem</strong></span> 
     </span>
     <span class='ocr_line' id='line_1_19' title="bbox 215 2066 942 2122; baseline -0.008 0"><span class='ocrx_word' id='word_1_149' title='bbox 215 2072 393 2122; x_wconf 88' lang='lat' dir='ltr'><strong>veniat</strong></span> <span class='ocrx_word' id='word_1_150' title='bbox 417 2068 573 2118; x_wconf 90' lang='lat' dir='ltr'><strong>illum</strong></span> <span class='ocrx_word' id='word_1_151' title='bbox 598 2066 942 2117; x_wconf 91' lang='lat' dir='ltr'><strong>introducere.</strong></span> 
     </span>
    </p>

    <p class='ocr_par' dir='ltr' id='par_1_4' title="bbox 217 2151 2119 2291">
     <span class='ocr_line' id='line_1_20' title="bbox 360 2151 2119 2219; baseline -0.003 -14"><span class='ocrx_word' id='word_1_152' title='bbox 360 2154 584 2206; x_wconf 85' lang='lat' dir='ltr'><strong>Sinceris</strong></span> <span class='ocrx_word' id='word_1_153' title='bbox 609 2152 825 2202; x_wconf 86' lang='lat' dir='ltr'><strong>interim</strong></span> <span class='ocrx_word' id='word_1_154' title='bbox 851 2151 1209 2202; x_wconf 87' lang='lat' dir='ltr'><strong>observantiae</strong></span> <span class='ocrx_word' id='word_1_155' title='bbox 1235 2154 1290 2202; x_wconf 90' lang='lat' dir='ltr'><strong>et</strong></span> <span class='ocrx_word' id='word_1_156' title='bbox 1314 2151 1550 2219; x_wconf 81' lang='lat' dir='ltr'><strong>obsequii</strong></span> <span class='ocrx_word' id='word_1_157' title='bbox 1577 2151 1829 2213; x_wconf 75' lang='lat' dir='ltr'><strong>sensibUS,</strong></span> <span class='ocrx_word' id='word_1_158' title='bbox 1854 2167 2119 2218; x_wconf 87' lang='lat' dir='ltr'><strong>persevero</strong></span> 
     </span>
     <span class='ocr_line' id='line_1_21' title="bbox 217 2235 1336 2291; baseline -0.004 0"><span class='ocrx_word' id='word_1_159' title='bbox 217 2238 573 2291; x_wconf 86' lang='lat' dir='ltr'><strong>Excellentiae</strong></span> <span class='ocrx_word' id='word_1_160' title='bbox 598 2238 744 2287; x_wconf 88' lang='lat' dir='ltr'><strong>Tuae</strong></span> <span class='ocrx_word' id='word_1_161' title='bbox 770 2237 975 2288; x_wconf 88' lang='lat' dir='ltr'><strong>Illmae.</strong></span> <span class='ocrx_word' id='word_1_162' title='bbox 1000 2252 1062 2287; x_wconf 89' lang='lat' dir='ltr'><strong>ac</strong></span> <span class='ocrx_word' id='word_1_163' title='bbox 1087 2235 1336 2287; x_wconf 85' lang='lat' dir='ltr'><strong>Revmae.</strong></span> 
     </span>
    </p>
   </div>
   <div class='ocr_carea' id='block_1_3' title="bbox 722 2348 1799 2408">
    <p class='ocr_par' dir='ltr' id='par_1_5' title="bbox 722 2348 1799 2408">
     <span class='ocr_line' id='line_1_22' title="bbox 722 2348 1799 2408; baseline -0.003 -9"><span class='ocrx_word' id='word_1_164' title='bbox 722 2349 1075 2400; x_wconf 89' lang='lat' dir='ltr'><strong>Humillimus</strong></span> <span class='ocrx_word' id='word_1_165' title='bbox 1100 2365 1161 2399; x_wconf 89' lang='lat' dir='ltr'><strong>ac</strong></span> <span class='ocrx_word' id='word_1_166' title='bbox 1186 2348 1581 2399; x_wconf 86' lang='lat' dir='ltr'><strong>addictissimus</strong></span> <span class='ocrx_word' id='word_1_167' title='bbox 1607 2364 1799 2408; x_wconf 84' lang='lat' dir='ltr'><strong>servuS‚</strong></span> 
     </span>
    </p>
   </div>
   <div class='ocr_carea' id='block_1_4' title="bbox 490 2457 2120 2622">
    <p class='ocr_par' dir='ltr' id='par_1_6' title="bbox 490 2457 2120 2622">
     <span class='ocr_line' id='line_1_23' title="bbox 490 2457 2120 2524; baseline -0.007 -5"><span class='ocrx_word' id='word_1_168' title='bbox 490 2463 939 2518; x_wconf 87' lang='lat' dir='ltr'>MATTHAEUS</span> <span class='ocrx_word' id='word_1_169' title='bbox 996 2460 1471 2524; x_wconf 84' lang='lat' dir='ltr'><strong>EUSTACHIUS,</strong></span> <span class='ocrx_word' id='word_1_170' title='bbox 1509 2460 1685 2510; x_wconf 81' lang='lat' dir='ltr'>ARCH.</span> <span class='ocrx_word' id='word_1_171' title='bbox 1723 2457 2120 2521; x_wconf 66' lang='lat' dir='ltr'><strong>NEo-CAmAR„</strong></span> 
     </span>
     <span class='ocr_line' id='line_1_24' title="bbox 1109 2549 2011 2622; baseline -0.007 -16"><span class='ocrx_word' id='word_1_172' title='bbox 1109 2552 1367 2607; x_wconf 72' lang='lat' dir='ltr'><strong>Nuntius</strong></span> <span class='ocrx_word' id='word_1_173' title='bbox 1404 2549 1758 2622; x_wconf 70' lang='lat' dir='ltr'><strong>Apostolicus</strong></span> <span class='ocrx_word' id='word_1_174' title='bbox 1795 2549 2011 2602; x_wconf 72' lang='lat' dir='ltr'><strong>Monac.</strong></span> 
     </span>
    </p>
   </div>
   <div class='ocr_carea' id='block_1_5' title="bbox 333 2709 753 2783">
    <p class='ocr_par' dir='ltr' id='par_1_7' title="bbox 333 2709 753 2783">
     <span class='ocr_line' id='line_1_25' title="bbox 333 2709 753 2783; baseline 0.002 -21"><span class='ocrx_word' id='word_1_175' title='bbox 333 2711 393 2782; x_wconf 87' lang='lat' dir='ltr'><strong>[J</strong></span> <span class='ocrx_word' id='word_1_176' title='bbox 396 2713 541 2775; x_wconf 87' lang='lat' dir='ltr'><strong>unio,</strong></span> <span class='ocrx_word' id='word_1_177' title='bbox 570 2709 753 2783; x_wconf 87' lang='lat'><strong>1863.]</strong></span> 
     </span>
    </p>
   </div>
  </div>
 </body>
</html>
