2514 4504
442 376 567 436 200
1002 384 1166 436 conc.
1211 392 1385 436 Pnov.
1429 390 1653 435 wsss'rM.
1698 391 1788 432 111.

437 537 677 589 tiationis
719 543 776 590 et
810 539 1199 606 Assumptionis
1241 537 1305 589 B.
1330 537 1409 589 M.
1429 534 1517 601 V.,
1553 535 1647 589 SS.
1687 536 2056 604 Apostolorum
2071 538 2077 544 '
2091 537 2239 610 Petri
2279 544 2337 592 et

435 622 610 686 Pauli,
638 622 1043 674 Commemorat.
1071 622 1326 674 Omnium
1352 621 1446 673 SS.
1472 626 1528 673 et
1553 622 1769 673 demum
1793 621 1888 673 ubi
1912 622 2104 674 colitur
2126 624 2337 691 patroni
2436 614 2439 615 ⁷
2460 607 2462 609 ’

438 707 603 758 etiam
627 708 763 760 loci:
802 709 1014 776 vigilias
1049 712 1230 759 autem
1272 707 1422 759 festis
1463 710 1527 758 ut
1569 723 1725 775 supra
1757 706 2071 775 dispensatis
2110 725 2336 761 annexas

438 791 532 844 SS.
557 794 833 844 mandavit
857 793 1122 844 transferri
1147 794 1205 843 in
1230 792 1310 843 IV
1334 797 1390 844 et
1412 792 1493 844 VI
1523 792 1734 844 Feriam
1769 793 2009 861 uniuscuj
2017 809 2178 861 usque
2212 793 2340 846 heb-

438 878 692 929 domadae
715 878 1005 941 Adventus,
1044 878 1105 928 in
1146 878 1337 945 quibus
1367 876 1640 945 jejunium
1682 878 1827 947 idem
1866 878 2177 929 servandum
2219 879 2338 942 erit,

437 964 577 1030 quod
601 964 659 1013 in
678 962 1087 1031 Quadragesima
1105 967 1161 1014 et
1176 962 1412 1024 Quatuor
1430 962 1776 1031 Temporibus
1800 963 1926 1013 anni
1951 963 2140 1014 servari
2163 963 2340 1028 debet,
2448 982 2464 984 ff*

436 1048 564 1099 licet
601 1048 789 1117 Anglis
817 1049 889 1099 'in
931 1066 1076 1100 more
1116 1049 1187 1100 sit
1224 1049 1369 1100 feriis
1393 1048 1474 1099 VI
1490 1048 1701 1117 jejunia
1724 1048 2041 1117 vigiliasque
2063 1048 2337 1100 celebrare.
2414 1074 2417 1077 ·
2469 1042 2476 1046 ⁴

439 1132 620 1193 Quoad
664 1150 781 1184 vero
821 1133 1192 1184 Ecclesiastica
1236 1132 1422 1185 Officia
1466 1132 1558 1186 SS.
1599 1133 1886 1185 declaravit
1909 1151 1972 1185 ea
1995 1134 2070 1184 sic
2093 1137 2159 1184 ut
2181 1138 2339 1185 antea
2407 1182 2418 1185 ⁷,

437 1218 652 1269 retineri
691 1223 943 1285 oportere,
983 1223 1098 1270 tam
1137 1220 1195 1270 in
1233 1218 1431 1270 Missae
1472 1219 1839 1283 celebratione,
1878 1236 2039 1287 quam
2078 1218 2139 1270 in
2164 1219 2339 1270 'Horis

440 1301 714 1354 Canonicis
739 1304 1040 1355 recitandis.
1116 1304 1338 1372 Insuper
1363 1306 1503 1356 sicut
1526 1305 1797 1356 interdum
1820 1304 2019 1367 evenit,
2035 1307 2101 1355 ut
2124 1304 2212 1355 die
2234 1320 2340 1371 quo

441 1388 661 1438 Festum
686 1389 864 1458 agitur
891 1388 982 1440 SS.
1009 1389 1247 1457 Apostol.
1274 1389 1432 1441 Petri·
1445 1393 1500 1441 et
1541 1389 1700 1441 Pauli
1741 1390 2021 1459 contingat
2057 1390 2117 1440 in
2153 1390 2340 1441 eodem

437 1490 596 1541 regno
622 1474 863 1525 collectio
887 1474 1178 1538 soenorum,
1203 1478 1260 1526 et
1283 1476 1466 1526 messis
1490 1476 1703 1526 triticea
1727 1475 2012 1543 aliquando
2044 1474 2249 1525 incidat
2281 1474 2340 1524 in

439 1557 659 1610 Festum
706 1559 1098 1627 Assumptionis
1147 1559 1211 1611 Β.
1261 1559 1346 1624 V.,
1394 1561 1475 1611 ita
1524 1559 1899 1612 Sanctissimus
1958 1560 2084 1611 hinc
2132 1575 2340 1628 quoque

439 1644 775 1711 prospiciens,
819 1643 1047 1695 Vicariis
1089 1645 1200 1696 AA.
1243 1645 1477 1697 locorum
1518 1646 1823 1714 respectivis
1865 1645 2077 1713 plenam
2116 1644 2342 1712 largitur

438 1729 751 1781 facultatem
788 1730 1125 1798 dispensandi
1158 1731 1216 1782 in
1253 1731 1420 1782 simili
1445 1746 1569 1782 casu
1593 1748 1625 1782 a
1648 1734 1928 1798 praecepto
1952 1729 2251 1782 abstinendi
2274 1728 2343 1780 ab

438 1815 679 1882 operibus
720 1816 1009 1880 servilibUS,
1047 1817 1106 1867 in
1150 1816 1354 1868 duobus
1395 1816 1665 1884 praefatis,
1703 1815 1890 1867 audito
1912 1819 2094 1866 tamen
2116 1814 2262 1883 prius
2286 1812 2340 1866 S.

437 1900 631 1952 Missae
655 1900 944 1964 Sacrificio,
968 1902 1065 1953 ubi
1101 1902 1237 1953 illud
1270 1902 1547 1953 commode
1571 1901 1685 1952 fieri
1708 1902 1922 1969 poterit.
1994 1900 2120 1952 Dat.
2145 1898 2344 1952 Romae

439 2010 503 2043 ex
526 1992 656 2044 Aed.
683 1991 735 2044 S.
766 1991 824 2044 G.
850 1992 917 2044 de
941 1992 1096 2061 Prop.
1126 1991 1246 2044 Fid.
1273 1994 1360 2044 die
1385 1997 1442 2044 et
1465 2009 1604 2044 anno
1629 1993 1821 2062 quibus
1847 2009 2016 2060 supra.

439 2153 487 2205 L
540 2150 613 2223 ᾧ
649 2151 687 2205 S
1271 2081 1604 2135 STEPHANUS
1638 2082 1874 2147 Bonam,
1911 2079 2269 2136 Sem-etcum.

882 2335 1236 2392 SUPPRESSIO
1270 2335 1511 2379 JEJUNII
1545 2332 1767 2377 FERIAE
1800 2336 1883 2379 VI.

763 2455 855 2509 Ex
889 2458 1033 2509 Am).
1074 2457 1167 2510 SS.
1204 2469 1413 2510 HABITA
1448 2470 1547 2509 Dm
1580 2461 1612 2510 8
1651 2457 1826 2522 JULH,
1866 2457 2022 2512 1781.

587 2581 791 2636 Relatis
832 2603 925 2653 per
962 2603 1049 2636 me
1087 2586 1323 2638 infrasct.
1365 2586 1418 2639 S.
1460 2585 1517 2638 C.
1558 2587 1624 2638 de
1662 2586 1725 2639 P.
1766 2587 1830 2638 F.
1871 2586 2064 2639 Secret.
2104 2585 2347 2656 precibus

447 2671 774 2721 Vicariorum
821 2671 1244 2739 Apostolicorum
1291 2671 1518 2741 Angliae
1564 2671 1868 2723 humillime
1928 2672 2346 2740 supplicantium

445 2773 538 2823 pro
563 2758 952 2825 dispensatione
977 2775 1009 2808 a
1033 2758 1413 2809 consuetudine
1428 2758 1568 2807 inter
1585 2755 1882 2809 Catholicos
1908 2757 2145 2826 ejusdem
2169 2758 2345 2827 Regni

447 2840 653 2908 jamdiu
690 2842 905 2911 vigente
944 2842 1227 2910 jejunandi
1269 2843 1329 2892 in
1370 2841 1609 2910 qualibet
1655 2840 1811 2892 Feria
1848 2841 1944 2893 VI.
1990 2859 2082 2910 per
2127 2860 2345 2908 annum,

449 2928 667 2990 excepto
691 2928 928 2991 tempore
952 2924 1213 2987 Paschali,
1255 2940 1460 2988 necnon
1498 2923 1800 2974 abstinendi
1841 2940 1875 2974 a
1913 2925 2154 2976 carnibus
2176 2925 2347 2977 tribus
2455 2918 2459 2920 ’
2498 2899 2514 2989 ¹„

449 3008 631 3059 diebus
658 3008 1037 3076 Rogationum,
1061 3012 1118 3060 et
1159 2991 1426 3084 die²·festo
1451 3007 1506 3060 S.
1532 3008 1721 3073 Marci,
1747 3009 2137 3079 Evangelistae,
2158 3009 2251 3062 SS.
2276 3011 2345 3064 D.

452 3092 518 3144 N.
545 3093 684 3144 PIUS
724 3093 855 3145 D.P.
883 3094 991 3146 PP.
1017 3093 1116 3145 VI.
1152 3093 1458 3162 praecipuas
1497 3093 1565 3146 ob
1606 3110 1791 3145 causus
1829 3098 1886 3145 et
1921 3094 2347 3148 circumstantias
2480 3083 2514 3142 ³]

453 3175 748 3230 Catholicos
773 3196 950 3230 omnes
974 3179 1034 3229 in
1076 3180 1261 3230 eodem
1285 3179 1512 3247 Angliae
1551 3178 1736 3248 Regno
1761 3178 2010 3247 degentes
2034 3180 2262 3250 benigne
2285 3197 2347 3232 ac

453 3268 704 3331 perpetuo
729 3264 1054 3331 dispensavit
1089 3280 1122 3314 a
1145 3264 1382 3331 praefata
1412 3263 1611 3331 jejunii
1651 3263 1976 3315 observentia
2012 3266 2069 3315 in
2109 3266 2348 3333 qualibet,
2389 3259 2394 3264 .
2502 3248 2514 3271 <

452 3347 605 3399 Feria
622 3348 719 3398 VI.
738 3364 830 3415 per
844 3365 1059 3409 annum,
1079 3348 1220 3399 salvo
1239 3352 1421 3399 tamen
1436 3349 1646 3416 jejunio
1662 3349 1730 3399 ab
1744 3348 2012 3402 Ecclesiae
2028 3351 2348 3418 praescripto

453 3433 620 3484 Feriis
644 3433 740 3483 VI.
783 3433 1217 3502 Quadragesimae
1256 3438 1312 3484 et
1355 3434 1451 3485 IV.
1478 3434 1810 3501 Temporum,
1854 3437 1912 3488 et
1953 3433 2105 3485 firmo
2148 3451 2350 3504 semper

454 3523 758 3570 remanente
781 3523 1058 3585 praecepto
1074 3518 1274 3585 jejunii
1299 3519 1358 3568 in
1383 3519 1605 3587 singulis
1642 3519 1813 3569 Feriis
1838 3519 1917 3568 IV
1920 3557 1933 3569 .
1961 3523 2016 3569 et
2039 3519 2136 3570 VI.
2163 3521 2350 3570 unius-

455 3605 703 3672 cujusque
727 3603 1083 3654 hebdomadae
1106 3603 1378 3661 Adventus
1420 3604 1560 3671 quod
1601 3604 1715 3655 loco
1756 3605 2018 3655 variarum
2042 3603 2348 3673 vigiliarum

455 3687 740 3740 Catholicis
764 3688 950 3756 Anglis
992 3687 1295 3757 injunctum
1334 3688 1440 3738 fuit
1481 3704 1545 3738 ex
1587 3683 1906 3756 Apostolico,
1929 3688 2148 3740 Indulto
2186 3689 2274 3740 die
2312 3689 2346 3739 9
