2514 4504
380 432 480 492 xii.
1003 445 1356 490 CONSPECTUS
1407 444 1631 487 RERUM.

581 669 644 717 V.
684 667 970 718 Instructio
996 683 1147 733 super
1172 665 1425 716 facultate
1449 664 1671 715 binandi
1752 701 1765 714 .

544 753 638 804 VI.
679 752 966 803 Instructio
992 768 1144 818 super
1169 750 1497 801 confectione
1523 749 1800 800 Processus
1824 749 1882 798 in
1909 747 2093 800 Causis

759 836 1241 888 Matrimonialibus
1359 872 1372 885 .

511 924 639 974 VII.
678 923 967 974 Instructio
993 938 1145 988 super
1169 920 1487 972 Probatione
1512 872 1698 970 Status
1723 871 1927 971 Liberi.

482 1009 639 1060 VIII.
679 1008 967 1060 Instructio
992 1024 1145 1075 super
1171 1006 1627 1068 Quasi-domicilio
1678 1043 1692 1057 .

535 1094 634 1144 IX.
675 1095 964 1145 Instructio
1014 1110 1167 1160 super
1210 1092 1704 1160 Dispensationibus
1751 1090 2092 1143 Matrimoni-

755 1178 925 1229 alibus

564 1265 634 1316 X.
675 1264 957 1314 Decretum
982 1263 1048 1314 de
1073 1262 1383 1313 Residentia
1408 1262 1788 1330 Episcoporum
1842 1300 1854 1313 .

531 1349 630 1401 XI.
669 1348 953 1399 Decretum
1033 1348 1100 1399 de
1178 1347 1374 1399 Literis
1447 1347 1916 1399 Testimonialibus
1995 1365 2089 1416 pro

753 1432 1032 1501 Religiosis
1098 1470 1111 1483 .
1260 1471 1272 1482 .
2161 1435 2265 1488 425

497 1518 627 1570 XII.
668 1518 934 1585 Responsa
961 1515 1122 1586 Cong.
1161 1516 1213 1569 S.
1242 1517 1396 1568 Rom.
1438 1524 1494 1570 et
1539 1518 1700 1570 Univ.
1745 1472 1864 1586 Inq.
1915 1519 2087 1587 quoad

752 1601 1091 1670 Baptismum
1262 1642 1275 1654 .
2071 1644 2083 1657 .
2159 1609 2262 1659 427

467 1687 629 1739 XIII.
669 1687 748 1739 De
773 1687 924 1738 Esu
908 1704 965 1738 m
991 1686 1382 1741 Collatiuncula
1401 1643 1613 1759 Butyri,
1632 1643 1783 1743 Casei
1802 1695 1857 1742 et
1882 1691 2085 1743 LactiS.
2159 1694 2264 1744 428

443 1773 630 1824 XIV.
667 1773 955 1825 Decretum
980 1772 1034 1825 S.
1061 1773 1510 1826 Poenitentiariae
1535 1776 1599 1827 (16
1623 1776 1736 1828 Esu
1762 1776 2013 1828 Carnium
2072 1819 2082 1830 .
2158 1780 2267 1830 430

507 1857 625 1908 XV.
663 1857 743 1909 De
770 1858 1059 1910 dioeceseos
1084 1858 1469 1911 Beverlacensis
1494 1861 1754 1913 divisione
1837 1901 1848 1912 .
2071 1902 2082 1914 .
2156 1866 2265 1915 430

478 1941 630 1992 XVI.
667 1941 748 1993 De
771 1959 906 1994 nova
923 1943 1160 1996 Dioecesi
1186 1945 1436 1997 Loidensi
2070 1988 2082 1999 .
2157 1951 2263 2000 432

447 2026 627 2077 XVII.
665 2027 745 2078 De
769 2044 904 2079 nova
927 2028 1167 2081 Dioecesi
1191 2030 1622 2102 Medioburgensi
1675 2071 1688 2084 .
2070 2071 2082 2084 .
2157 2035 2262 2087 436
2287 2050 2290 2051 ’

418 2111 632 2162 XVIII.
671 2111 752 2164 De
775 2111 1080 2166 Dioeceseos
1107 2113 1515 2169 Suthwarcensis
1539 2118 1797 2170 divisione

470 2195 627 2247 XIX.
664 2196 745 2248 De
784 2197 1048 2266 Impensis
1097 2201 1478 2270 Episcoporum
1514 2204 1716 2255 ratione
1747 2204 2084 2258 Visitationis

750 2282 1034 2336 Pastoralis
1097 2324 1110 2337 .

2107 601 2273 629 PAGINA

2077 701 2090 715 .
2168 666 2269 716 388

2077 873 2090 885 .
2164 838 2266 886 401

2077 959 2089 970 .
2154 921 2270 972 <406

2076 1044 2089 1057 .
2143 1083 2147 1086 .
2163 1007 2270 1056 414

2075 1215 2088 1227 .
2162 1179 2268 1229 415
2335 1245 2338 1248 .

2075 1301 2087 1313 .
2163 1265 2265 1314 421

2068 2123 2261 2172 ‚442

2067 2290 2257 2343 ,447
