2514 4504
1053 528 1328 572 DEcRE'rA.
2067 509 2143 567 15

237 686 422 754 Isuper
464 683 759 735 notandum
803 679 966 749 quod,
1015 676 1107 730 ubi
1150 673 1383 745 parochi,
1423 688 1515 725 seu
1564 675 1788 724 rectores
1837 672 2153 724 missionarii

238 773 514 834 habentur,
540 770 608 821 ad
633 770 772 837 ipsos
806 764 1055 819 solemnis
1089 759 1344 830 baptismi
1374 758 1589 811 collatio
1629 763 1853 828 spectat,
1892 758 2051 826 idque
2092 775 2155 808 ex

236 875 416 912 eorum
442 856 596 908 venia
621 855 716 906 alii
741 852 1034 906 sacerdotes
1058 851 1346 919 praestant.

381 952 434 1001 2.
486 948 677 1001 Oleum
727 945 1228 998 catechumenorum
1268 945 1325 991 et
1360 941 1606 991 sanctum
1646 935 1892 1000 chrisma,
1935 951 2158 998 necnon,

239 1038 284 1089 si
320 1036 515 1105 placet,
560 1034 653 1098 sal,
694 1038 749 1085 et
783 1032 890 1083 alia
932 1030 1000 1082 ad
1038 1027 1295 1096 baptismi
1328 1022 1851 1077 administrationem
1885 1021 2156 1090 requisita,

239 1123 298 1174 in
341 1121 673 1190 baptisterio,
717 1117 801 1169 vel
845 1116 1036 1168 saltem
1081 1115 1138 1166 in
1179 1113 1418 1176 sacrario,
1459 1110 1693 1174 seorsim,
1736 1114 1793 1160 et
1835 1125 1960 1160 cum
2009 1107 2156 1159 omni

242 1207 547 1269 reverentia,
591 1210 648 1256 et
690 1218 898 1255 summa
938 1217 1062 1253 cum
1107 1197 1394 1261 munditie,
1444 1197 1790 1248 asserventur.
1889 1193 1959 1245 In
2007 1195 2157 1245 novis

241 1293 474 1346 ecclesiis
510 1290 869 1352 aedificandis,
907 1288 1245 1357 praeparetur
1280 1284 1426 1336 locus
1462 1284 1521 1335 in
1557 1299 1665 1351 quo
1699 1281 2066 1347 recondantur,
2098 1283 2157 1333 in

244 1381 358 1449 ipso
382 1376 712 1446 baptisteriO.

391 1474 442 1524 3.
493 1470 650 1522 Liber
673 1468 808 1520 item
832 1466 1222 1536 baptizatorum
1247 1481 1280 1515 a
1311 1455 1579 1516 sacerdote
1602 1457 1784 1513 sedulo
1815 1463 1873 1512 et
1907 1463 2064 1512 caute
2100 1461 2158 1511 in

245 1558 465 1611 sacrario
491 1560 739 1618 servetur,
759 1555 816 1605 in
836 1570 940 1622 quo
954 1553 1347 1621 baptizatorum
1370 1564 1574 1602 necnon
1588 1547 1789 1617 patrini
1813 1563 1876 1598 ac
1899 1547 2159 1599 matrinae

246 1644 465 1697 nomina
506 1643 575 1695 ab
617 1643 731 1710 ipso
775 1639 1059 1702 sacerdote,
1100 1638 1268 1689 forma
1309 1635 1576 1705 injuncta,
1619 1633 2050 1695 conscribantur3
2104 1639 2161 1685 et

247 1729 582 1781 uniformitas
601 1728 658 1778 in
682 1726 749 1777 iis
764 1723 1150 1777 conscribendis
1174 1739 1268 1791 per
1285 1725 1459 1773 totam
1482 1719 1814 1788 provinciam
1839 1719 2159 1771 obtineatur.

393 1824 445 1873 4.
496 1819 803 1888 Baptismus
842 1818 899 1868 in
943 1816 1052 1868 sola
1094 1815 1314 1867 ecclesia
1349 1812 1510 1871 debet
1545 1813 1923 1876 administrari,
1959 1814 2064 1865 nisi
2104 1814 2162 1864 in

248 1908 453 1960 casibus
477 1908 534 1957 in
562 1904 770 1956 Rituali
797 1903 1066 1971 exceptis3
1102 1905 1158 1953 et
1182 1900 1418 1970 quidem,
1446 1899 1647 1951 secluso
1671 1915 1797 1951 casu
1815 1899 2060 1968 periculi,
2079 1900 2162 1951 vel

248 1993 422 2061 gravis
464 1989 805 2051 incommodi,
844 2004 952 2039 non
1000 1989 1113 2039 sine
1162 1987 1395 2056 episcopi
1443 1985 1721 2055 permissu.
1804 1984 2164 2054 Excipiuntur

249 2077 573 2146 baptismata
597 2075 817 2144 quaein
854 2073 1173 2125 stationibus
1196 2089 1228 2124 a
1264 2072 1549 2141 principali
1586 2071 1806 2124 ecclesia
1842 2089 1935 2123 seu
1973 2072 2163 2124 sacello

248 2163 463 2215 remotis
488 2162 942 2225 administrantur,
969 2159 1182 2228 quando
1207 2175 1294 2225 eas
1319 2157 1572 2221 sacerdOS,
1595 2158 1819 2211 statutis
1843 2158 2163 2227 quibusdam

248 2245 592 2314 temporibuS,
611 2244 695 2296 vel
719 2247 952 2307 vocatus,
977 2243 1182 2295 invisit.

392 2338 444 2390 5.
493 2337 615 2389 Non
663 2337 1021 2388 admittantur
1068 2335 1268 2404 patrini
1317 2335 1403 2388 vel
1450 2335 1713 2388 matrinae
1760 2337 1855 2405 qui
1903 2353 2010 2389 non
2054 2337 2164 2390 sint
2216 2405 2224 2411 ,

248 2422 517 2487 catholici,
567 2423 651 2474 vel
699 2423 792 2492 qui
840 2440 872 2474 a
906 2422 1030 2490 jure
1078 2421 1467 2473 excluduntur:
1523 2423 1799 2487 nimirum,
1848 2423 2166 2492 impubereS,

247 2509 692 2561 excommunicati
729 2508 833 2576 maj
841 2509 918 2559 ori
958 2508 1523 2572 excommunicatione,
1566 2509 1806 2560 nondum
1846 2510 2164 2573 confirmati,

247 2596 341 2662 qui
366 2594 626 2662 paschalis
651 2594 1040 2646 communionis
1064 2596 1406 2661 praeceptum
1430 2609 1538 2645 non
1574 2594 1907 2662 adimplent:
1947 2595 2164 2646 demum

248 2679 606 2731 ecclesiastici.
682 2667 842 2732 Curet
867 2679 1102 2730 sacerdos
1126 2682 1207 2742 ut,
1240 2682 1454 2746 propter
1490 2679 1789 2746 periculum
1826 2680 1952 2732 fidei
1988 2680 2165 2731 infan-

248 2766 388 2816 tium
413 2765 570 2816 facile
602 2765 951 2816 obventurum
987 2769 1108 2833 post
1144 2758 1372 2817 mortem
1407 2768 1711 2833 parentum,
1748 2765 1925 2830 ambo,
1954 2766 2164 2834 quoties

249 2849 362 2901 fieri
387 2850 572 2918 possit,
597 2849 964 2903 adhibeantur.

393 2942 443 2994 6.
494 2941 772 3010 Baptizare
795 2946 974 3012 potest
998 2940 1233 2995 sacerdos
1256 2940 1489 2994 infantes
1513 2943 1821 3010 parentibus
1854 2944 2164 2997 acatholicis

248 3030 418 3090 natos,
460 3027 747 3080 dummodo
790 3045 1067 3080 consensus
1108 3027 1364 3079 habeatur
1403 3044 1491 3080 eos
1525 3029 1585 3079 in
1622 3045 1742 3080 vera
1775 3028 2030 3099 religione
2055 3047 2164 3082 esse

250 3112 564 3175 educandos»,
590 3116 646 3163 et
668 3113 960 3180 patrinum,
985 3130 1077 3165 seu
1102 3115 1407 3176 matrinam,
1432 3114 1751 3166 catholicam
1777 3115 2024 3168 habeant.

395 3200 445 3255 7.
497 3201 631 3254 Cum
655 3205 827 3271 magis
862 3203 1185 3255 invaluerint
1222 3221 1410 3256 causae
1446 3222 1583 3273 quae
1619 3208 1824 3259 animos
1850 3210 2163 3261 vicariorum

248 3288 675 3356 apostolicorum,
698 3290 919 3341 ineunte
943 3290 1042 3341 hoc
1067 3290 1291 3354 saeculo,
1325 3291 1672 3359 impulerunt,
1709 3296 1775 3344 ut
1811 3293 2165 3360 decememnt,

248 3390 429 3425 omnes
453 3378 575 3442 post
598 3391 799 3425 annum
829 3373 967 3427 1773
992 3379 1162 3439 natm,
1197 3380 1253 3427 et
1288 3377 1429 3427 inter
1464 3381 1816 3444 protestantes
1850 3378 2163 3447 baptizatOS,

247 3476 515 3511 couversos
540 3460 608 3511 ad
623 3460 804 3525 fidem,
825 3478 932 3513 esse
956 3462 1301 3531 baptizandos
1316 3463 1413 3515 sub
1432 3463 1756 3528 conditione,
1774 3463 1909 3515 hanc
1925 3466 2162 3534 regulam

246 3545 486 3597 absolute
546 3547 878 3610 innovamuS,
936 3548 1335 3617 praecipiente3‚
1400 3566 1581 3601 omnes
1641 3566 1675 3601 a
1730 3552 2163 3618 protestantismo

248 3646 517 3682 conversos
553 3624 662 3682 esse
699 3631 1042 3698 baptizandos
1085 3634 1470 3698 conditionate,
1508 3635 1613 3686 nisi
1658 3651 1722 3686 ex
1765 3635 2003 3687 indubiis
2045 3654 2164 3705 pro-

248 3713 553 3766 bationibus
591 3716 883 3767 certissime
920 3719 1128 3768 constet
1163 3718 1221 3768 in
1246 3717 1493 3786 -ipsorum
1530 3718 1796 3786 baptismo
1839 3719 2019 3769 omnia
2062 3721 2163 3771 rite

246 3799 406 3850 fuisse
430 3804 660 3868 peracta,
686 3801 859 3868 quoad
884 3801 1137 3852 materiae
1163 3806 1219 3853 et
1244 3803 1442 3854 formae
1466 3804 1901 3871 applicationem.

391 3886 443 3940 8.
492 3884 819 3960 Hujusmodi
881 3886 1178 3963 baptismus
1238 3904 1344 3942 non
1394 3888 1491 3938 fiat
1540 3889 1754 3963 publice
1803 3890 1891 3941 sed
1947 3891 2162 3944 omnino
