2514 4504
919 464 1197 509 brionam.
1882 450 2003 511 211

102 631 281 669 omnes
320 612 413 682 qui
453 628 484 663 a
523 609 731 678 Spiritu
775 607 970 660 Sancto
1006 607 1074 658 ad
1101 607 1393 659 Ecclesiam
1418 607 1518 660 Dei
1544 609 1830 676 regendam
1855 610 2010 661 electi

100 705 156 754 et
180 700 340 768 positi
366 700 510 759 sunt,
529 712 638 748 sese
663 711 770 746 non
794 695 862 745 ad
887 694 1154 762 propriam
1180 693 1421 762 gloriam,
1441 694 1526 745 vel
1552 696 1907 758 commodum,
1930 697 2010 748 vel

102 786 404 847 elationem,
430 783 497 834 ad
523 781 802 834 sacerdotii
827 780 1106 850 fastigium
1147 784 1354 831 evectos
1391 797 1519 843 esse,
1546 780 1635 831 sed
1672 786 1736 830 ut
1780 780 1913 832 clero
1958 783 2012 832 in

102 870 247 923 omni
273 869 578 931 sanctitate,
603 867 872 929 castitate,
897 867 1100 934 pietate
1130 865 1364 934 praesint
1389 870 1445 917 et
1481 872 1748 934 praeeant,
1775 869 2013 918 omnium

102 955 375 1026 pastoralis
402 959 457 1006 et
482 952 818 1006 sacerdotalis
851 951 1070 1020 spiritus
1107 951 1495 1020 perfectionum
1521 954 1701 1003 vivam
1737 953 1795 1003 in
1832 954 2014 1021 seipsis

104 1041 409 1094 exhibentes
442 1040 753 1109 imaginem.

245 1128 294 1177 2.
346 1126 413 1177 In
439 1124 651 1192 specula
675 1140 707 1174 a
731 1122 961 1174 Domino
988 1123 1406 1186 constituuntur,
1432 1140 1539 1174 non
1564 1129 1780 1174 tanturn
1806 1128 1870 1174 ut
1895 1143 2015 1175 oves

102 1228 218 1264 suas
243 1211 592 1278 undequaque
618 1211 874 1277 dispersas
900 1209 1196 1276 conspicere
1229 1211 1450 1277 possint,
1476 1211 1566 1261 sed
1608 1212 1771 1261 etiam
1810 1217 1873 1260 ut
1910 1212 2013 1279 ipsi

101 1302 375 1366 tamquam
393 1296 609 1347 virtutis
629 1295 895 1363 exemplar
914 1312 945 1345 a
964 1312 1056 1346 suo
1076 1312 1233 1365 grege
1252 1296 1662 1365 conspiciantur.
1715 1297 2014 1349 Plenitudi-

99 1400 222 1435 nem
247 1384 414 1452 igitur
438 1381 629 1451 regalis
655 1380 932 1431 sacerdotii
954 1380 1206 1450 Episcopi
1228 1383 1520 1434 sortiuntur
1538 1383 1606 1434 ad
1630 1383 2014 1436 aedificandam

101 1473 157 1521 et
203 1469 579 1538 perficiendam
631 1467 925 1519 Ecclesiam
976 1467 1093 1519 Dei.
1186 1467 1324 1536 Ipsis
1375 1468 1496 1520 solis
1545 1470 1887 1521 commissum
1935 1476 2015 1522 est

100 1571 402 1624 supremum
452 1570 646 1605 munus
694 1553 948 1623 eligendi,
996 1554 1337 1619 informandi,
1387 1554 1665 1606 ordinandi
1721 1555 1909 1607 levitas
1958 1561 2015 1608 et

99 1641 406 1704 sacerdoteS‚
455 1657 547 1708 per
595 1657 725 1708 quos
774 1640 898 1691 viva
947 1643 1003 1691 et
1050 1643 1329 1708 compacta
1380 1640 1647 1693 Ecclesiae
1690 1644 2013 1695 constructio

98 1724 289 1775 intime
315 1722 591 1774 cohaerens
616 1724 674 1773 in
693 1723 886 1774 aetatis
903 1721 1101 1795 Christi
1127 1738 1427 1774 mensuram
1447 1726 1634 1775 crescit
1653 1729 1709 1776 et
1726 1724 2012 1793 perficitur.

99 1809 224 1862 Ideo
250 1826 368 1860 vere
394 1809 726 1859 formidanda
750 1812 832 1859 est
858 1809 1194 1877 episcopatus
1219 1809 1474 1877 dignitaS.
1551 1809 1845 1879 Episcopus
1869 1813 2012 1863 enim

97 1912 202 1947 non
227 1899 443 1946 tantum
468 1894 733 1962 perfectus
758 1911 868 1945 esse
893 1894 1071 1958 debet,
1097 1894 1187 1945 sed
1212 1895 1379 1946 etiam
1405 1896 1462 1946 in
1497 1900 1642 1946 statu
1676 1896 2013 1964 perfectionis

89 1981 205 2051 jam
230 1981 455 2049 adeptae
480 1980 844 2043 constituitur,
865 1982 930 2031 ut
948 1980 1016 2031 ab
1033 1980 1150 2048 ipso
1169 1984 1447 2049 tamquam
1467 1998 1531 2032 ex
1550 1982 1698 2033 fonte
1716 1981 2012 2034 abundanti

97 2068 268 2119 omnis
311 2074 366 2119 et
410 2066 746 2118 sacerdotalis
779 2070 834 2117 et
873 2065 1151 2134 pastoralis
1176 2067 1323 2118 vitae
1348 2067 1603 2135 perfectio
1627 2069 1684 2119 in
1711 2069 2012 2121 universum

97 2154 293 2206 clerum
334 2154 614 2206 derivetur.
691 2157 723 2184 “
744 2152 1041 2223 Religionis
1081 2156 1253 2204 status
1296 2153 1676 2221 perfectionem
1716 2171 1823 2206 non
1865 2172 2014 2223 prae-

97 2241 365 2309 supponit,
415 2240 503 2291 sed
561 2239 629 2290 ad
686 2239 1068 2307 perfectionem
1126 2239 1373 2301 inducit3
1436 2239 1781 2308 pontificatus
1830 2244 2012 2294 autem

96 2326 329 2396 dignitas
378 2326 758 2394 perfectionem
807 2324 1261 2393 praesupponit.’'¹
1342 2324 1671 2394 Quapropter
1720 2326 2013 2397 Episcopus

95 2429 218 2482 prae
243 2412 460 2463 caeteris
485 2411 750 2478 perfectus
775 2427 884 2462 esse
909 2415 1141 2475 tenetur,
1159 2411 1218 2462 id
1244 2415 1341 2475 est,
1357 2412 1726 2462 ardentissima
1753 2412 2012 2466 charitate

96 2498 194 2549 Dei
215 2502 272 2549 et
295 2499 541 2566 proximi,
565 2496 875 2549 humilitate
900 2501 955 2549 et
990 2496 1293 2548 obedientia
1332 2498 1634 2566 praeditus3
1685 2503 1805 2549 tum
1845 2500 2011 2551 etiam

96 2583 247 2635 filiali
289 2583 539 2651 obsequio
580 2582 808 2634 Sanctae
846 2586 901 2634 et
935 2583 1270 2651 Apostolicae
1316 2582 1440 2635 Sedi
1483 2583 1748 2635 indivulse
1790 2584 1975 2637 unitus
1996 2604 2010 2647 3

98 2674 169 2734 et,
208 2669 349 2738 quod
399 2669 745 2736 praecipuum
793 2669 1133 2737 perfectionis
1181 2669 1443 2720 indicium
1494 2672 1590 2731 est,
1630 2686 1723 2736 pro
1763 2669 2011 2723 fratribus

97 2756 330 2806 animam
356 2771 546 2823 ponere
572 2772 776 2824 semper
808 2760 1040 2824 paratus,
1115 2754 1358 2823 Denique
1383 2760 1658 2823 tamquam
1685 2756 1806 2806 viva
1831 2756 2010 2825 imago

99 2839 317 2893 Domini
342 2842 508 2892 nostri
525 2840 561 2892 J
563 2859 654 2892 esu
671 2840 886 2905 Christi,
902 2841 997 2908 qui
1024 2841 1271 2892 divinum
1295 2845 1377 2892 est
1396 2841 1539 2892 vitae
1564 2841 1764 2892 mixtae
1788 2842 2010 2911 ideoque

98 2927 432 2980 omnimodae
457 2927 796 2994 perfectionis
816 2926 1135 2995 exemplum,
1153 2926 1313 2978 debet
1329 2926 1623 2995 Episcopus
1643 2928 1787 2978 vitae
1806 2931 2009 2981 activae

99 3017 154 3064 et
177 3011 623 3080 contemplativae
648 3011 808 3063 simul
834 3012 1149 3080 conjunctae
1173 3012 1522 3080 perfectiones
1548 3029 1726 3065 omnes
1757 3014 1814 3064 in
1840 3015 2008 3084 seipso

4 3098 6 3101 ’
99 3098 353 3150 exhibere.

241 3187 290 3235 3.
342 3183 523 3236 Sacras
561 3184 731 3254 igitur
770 3188 826 3236 et
850 3183 1180 3252 Apostolicas
1218 3183 1283 3235 de
1317 3184 1701 3252 Episcoporum
1739 3184 2007 3251 dignitate

98 3276 154 3323 et
200 3271 384 3324 officiis
434 3272 805 3335 ordinationeS,
853 3288 1058 3323 necnon
1109 3270 1465 3322 Conciliorum
1516 3270 2006 3337 Oecumenicorum,

98 3359 402 3427 praesertim
451 3362 807 3408 sacrosanctae
849 3357 1193 3408 Tridentinae
1242 3356 1460 3425 Synodi‚
1500 3357 1566 3408 de
1608 3357 1732 3408 boni
1782 3360 2005 3426 pastoris

97 3458 310 3494 munere
349 3442 706 3510 adimplendo,
733 3442 800 3494 de
838 3442 1122 3511 disciplina
1163 3442 1516 3493 ecclesiastica
1555 3443 1913 3507 instauranda,
1938 3445 2004 3496 de

98 3526 231 3578 clero
273 3528 329 3578 in
373 3528 519 3578 omni
563 3528 784 3578 scientia
826 3531 883 3579 et
924 3528 1127 3595 pietate
1171 3527 1502 3578 informando
1552 3530 2003 3596 praescriptioneS,

343 3680 359 3707 ¹
376 3679 421 3721 S.
442 3680 639 3731 Thomas,
666 3682 804 3730 Opem.
825 3680 891 3721 De
910 3679 1177 3723 Pei-sectione
1194 3680 1324 3722 Vitae
1343 3680 1600 3733 Spiritualis,
1623 3692 1660 3721 c.
1677 3680 1767 3722 xix.
