<?xml version="1.0" encoding="UTF-8"?>
<!DOCTYPE html PUBLIC "-//W3C//DTD XHTML 1.0 Transitional//EN"
    "http://www.w3.org/TR/xhtml1/DTD/xhtml1-transitional.dtd">
<html xmlns="http://www.w3.org/1999/xhtml" xml:lang="en" lang="en">
 <head>
  <title>
</title>
<meta http-equiv="Content-Type" content="text/html;charset=utf-8" />
  <meta name='ocr-system' content='tesseract 3.04.00' />
  <meta name='ocr-capabilities' content='ocr_page ocr_carea ocr_par ocr_line ocrx_word'/>
</head>
<body>
  <div class='ocr_page' id='page_1' title='image "a613743300cathuoft_0077.png"; bbox 0 0 2514 4504; ppageno 0'>
   <div class='ocr_carea' id='block_1_1' title="bbox 937 492 2113 553">
    <p class='ocr_par' dir='ltr' id='par_1_1' title="bbox 937 492 2113 553">
     <span class='ocr_line' id='line_1_1' title="bbox 937 492 2113 553; baseline 0.003 -6"><span class='ocrx_word' id='word_1_1' title='bbox 937 501 1182 547; x_wconf 69' lang='lat' dir='ltr'>APPEND.</span> <span class='ocrx_word' id='word_1_2' title='bbox 1213 504 1339 547; x_wconf 87' lang='lat' dir='ltr'>vm.</span> <span class='ocrx_word' id='word_1_3' title='bbox 2030 492 2113 553; x_wconf 89' lang='lat'>59</span> 
     </span>
    </p>
   </div>
   <div class='ocr_carea' id='block_1_2' title="bbox 203 658 2122 1671">
    <p class='ocr_par' dir='ltr' id='par_1_2' title="bbox 203 658 2121 1072">
     <span class='ocr_line' id='line_1_2' title="bbox 350 658 2115 715; baseline 0.002 -4"><span class='ocrx_word' id='word_1_4' title='bbox 350 658 629 712; x_wconf 73' lang='lat' dir='ltr'>Caeterum</span> <span class='ocrx_word' id='word_1_5' title='bbox 689 658 1218 709; x_wconf 85' lang='lat' dir='ltr'>animadvertendum</span> <span class='ocrx_word' id='word_1_6' title='bbox 1268 675 1329 709; x_wconf 89' lang='lat' dir='ltr'>ac</span> <span class='ocrx_word' id='word_1_7' title='bbox 1379 658 1754 712; x_wconf 86' lang='lat' dir='ltr'>declarandum</span> <span class='ocrx_word' id='word_1_8' title='bbox 1804 665 2011 714; x_wconf 86' lang='lat' dir='ltr'>censuit</span> <span class='ocrx_word' id='word_1_9' title='bbox 2061 664 2115 715; x_wconf 84' lang='lat' dir='ltr'>S.</span> 
     </span>
     <span class='ocr_line' id='line_1_3' title="bbox 206 744 2118 815; baseline 0.001 -17"><span class='ocrx_word' id='word_1_10' title='bbox 206 744 574 815; x_wconf 85' lang='lat' dir='ltr'>Congregatio‚</span> <span class='ocrx_word' id='word_1_11' title='bbox 618 744 700 795; x_wconf 86' lang='lat' dir='ltr'>his</span> <span class='ocrx_word' id='word_1_12' title='bbox 749 744 994 795; x_wconf 87' lang='lat' dir='ltr'>omnibus</span> <span class='ocrx_word' id='word_1_13' title='bbox 1044 745 1304 795; x_wconf 71' lang='lat' dir='ltr'><strong>contineri</strong></span> <span class='ocrx_word' id='word_1_14' title='bbox 1355 747 1730 797; x_wconf 87' lang='lat' dir='ltr'>tantummodo</span> <span class='ocrx_word' id='word_1_15' title='bbox 1779 750 2118 799; x_wconf 87' lang='lat' dir='ltr'>commenda-</span> 
     </span>
     <span class='ocr_line' id='line_1_4' title="bbox 204 830 2118 899; baseline 0.002 -17"><span class='ocrx_word' id='word_1_16' title='bbox 204 830 428 894; x_wconf 88' lang='lat' dir='ltr'>tionem,</span> <span class='ocrx_word' id='word_1_17' title='bbox 452 831 601 894; x_wconf 91' lang='lat' dir='ltr'>adeo,</span> <span class='ocrx_word' id='word_1_18' title='bbox 626 835 707 894; x_wconf 83' lang='lat' dir='ltr'>ut,</span> <span class='ocrx_word' id='word_1_19' title='bbox 733 830 944 898; x_wconf 87' lang='lat' dir='ltr'>quando</span> <span class='ocrx_word' id='word_1_20' title='bbox 969 830 1318 881; x_wconf 87' lang='lat' dir='ltr'>necessarium</span> <span class='ocrx_word' id='word_1_21' title='bbox 1346 831 1428 881; x_wconf 91' lang='lat' dir='ltr'>vel</span> <span class='ocrx_word' id='word_1_22' title='bbox 1466 837 1825 899; x_wconf 90' lang='lat' dir='ltr'>opportunum</span> <span class='ocrx_word' id='word_1_23' title='bbox 1857 835 2118 898; x_wconf 86' lang='lat' dir='ltr'>videatur,</span> 
     </span>
     <span class='ocr_line' id='line_1_5' title="bbox 203 915 2121 987; baseline 0.002 -19"><span class='ocrx_word' id='word_1_24' title='bbox 203 916 508 984; x_wconf 88' lang='lat' dir='ltr'>Apostolica</span> <span class='ocrx_word' id='word_1_25' title='bbox 534 916 693 968; x_wconf 84' lang='lat' dir='ltr'>Sedes</span> <span class='ocrx_word' id='word_1_26' title='bbox 731 933 825 967; x_wconf 90' lang='lat' dir='ltr'>suo</span> <span class='ocrx_word' id='word_1_27' title='bbox 865 919 1050 967; x_wconf 87' lang='lat' dir='ltr'>utetur</span> <span class='ocrx_word' id='word_1_28' title='bbox 1082 915 1202 984; x_wconf 91' lang='lat' dir='ltr'>jure</span> <span class='ocrx_word' id='word_1_29' title='bbox 1237 916 1465 968; x_wconf 89' lang='lat' dir='ltr'>alterum</span> <span class='ocrx_word' id='word_1_30' title='bbox 1491 934 1721 986; x_wconf 91' lang='lat' dir='ltr'>quoque,</span> <span class='ocrx_word' id='word_1_31' title='bbox 1747 924 1952 987; x_wconf 84' lang='lat' dir='ltr'>praeter</span> <span class='ocrx_word' id='word_1_32' title='bbox 1977 938 2121 972; x_wconf 92' lang='lat' dir='ltr'>com-</span> 
     </span>
     <span class='ocr_line' id='line_1_6' title="bbox 205 1002 771 1072; baseline -0.005 -17"><span class='ocrx_word' id='word_1_33' title='bbox 205 1003 499 1065; x_wconf 80' lang='lat' dir='ltr'>mendatOS,</span> <span class='ocrx_word' id='word_1_34' title='bbox 523 1002 771 1072; x_wconf 86' lang='lat' dir='ltr'>eligendi.</span> 
     </span>
    </p>

    <p class='ocr_par' dir='ltr' id='par_1_3' title="bbox 204 1087 2122 1483">
     <span class='ocr_line' id='line_1_7' title="bbox 350 1087 2121 1160; baseline 0.002 -20"><span class='ocrx_word' id='word_1_35' title='bbox 350 1087 486 1141; x_wconf 91' lang='lat' dir='ltr'>Cum</span> <span class='ocrx_word' id='word_1_36' title='bbox 512 1106 631 1140; x_wconf 87' lang='lat' dir='ltr'>vero</span> <span class='ocrx_word' id='word_1_37' title='bbox 656 1088 785 1139; x_wconf 92' lang='lat' dir='ltr'>haec</span> <span class='ocrx_word' id='word_1_38' title='bbox 822 1089 1001 1139; x_wconf 91' lang='lat' dir='ltr'>omnia</span> <span class='ocrx_word' id='word_1_39' title='bbox 1039 1087 1385 1142; x_wconf 86' lang='lat' dir='ltr'>Sanctissimo</span> <span class='ocrx_word' id='word_1_40' title='bbox 1422 1089 1487 1142; x_wconf 90' lang='lat' dir='ltr'>D.</span> <span class='ocrx_word' id='word_1_41' title='bbox 1516 1090 1586 1142; x_wconf 91' lang='lat' dir='ltr'>N.</span> <span class='ocrx_word' id='word_1_42' title='bbox 1614 1091 1715 1143; x_wconf 91' lang='lat' dir='ltr'>Pio</span> <span class='ocrx_word' id='word_1_43' title='bbox 1740 1091 1918 1160; x_wconf 78' lang='lat' dir='ltr'>Papae</span> <span class='ocrx_word' id='word_1_44' title='bbox 1944 1092 2028 1143; x_wconf 91' lang='lat' dir='ltr'>IX</span> <span class='ocrx_word' id='word_1_45' title='bbox 2052 1092 2121 1143; x_wconf 88' lang='lat' dir='ltr'>ab</span> 
     </span>
     <span class='ocr_line' id='line_1_8' title="bbox 204 1172 2121 1243; baseline 0.003 -18"><span class='ocrx_word' id='word_1_46' title='bbox 204 1174 537 1242; x_wconf 89' lang='lat' dir='ltr'>infrascripto</span> <span class='ocrx_word' id='word_1_47' title='bbox 600 1172 653 1225; x_wconf 92' lang='lat' dir='ltr'>S.</span> <span class='ocrx_word' id='word_1_48' title='bbox 718 1172 1155 1243; x_wconf 76' lang='lat' dir='ltr'>congregationis</span> <span class='ocrx_word' id='word_1_49' title='bbox 1219 1176 1493 1227; x_wconf 85' lang='lat' dir='ltr'>secretario</span> <span class='ocrx_word' id='word_1_50' title='bbox 1559 1178 1726 1228; x_wconf 90' lang='lat' dir='ltr'>relata</span> <span class='ocrx_word' id='word_1_51' title='bbox 1793 1179 1991 1229; x_wconf 89' lang='lat' dir='ltr'>fuerint</span> <span class='ocrx_word' id='word_1_52' title='bbox 2063 1179 2121 1230; x_wconf 89' lang='lat' dir='ltr'>in</span> 
     </span>
     <span class='ocr_line' id='line_1_9' title="bbox 204 1259 2122 1334; baseline 0.003 -24"><span class='ocrx_word' id='word_1_53' title='bbox 204 1260 481 1311; x_wconf 80' lang='lat' dir='ltr'>audientia</span> <span class='ocrx_word' id='word_1_54' title='bbox 505 1260 613 1311; x_wconf 91' lang='lat' dir='ltr'>diei</span> <span class='ocrx_word' id='word_1_55' title='bbox 641 1260 672 1311; x_wconf 88' lang='lat'>6</span> <span class='ocrx_word' id='word_1_56' title='bbox 700 1259 936 1328; x_wconf 88' lang='lat' dir='ltr'>ejusdem</span> <span class='ocrx_word' id='word_1_57' title='bbox 973 1261 1168 1312; x_wconf 85' lang='lat' dir='ltr'>mensis</span> <span class='ocrx_word' id='word_1_58' title='bbox 1198 1265 1254 1311; x_wconf 92' lang='lat' dir='ltr'>et</span> <span class='ocrx_word' id='word_1_59' title='bbox 1289 1262 1437 1324; x_wconf 87' lang='lat' dir='ltr'>anni,</span> <span class='ocrx_word' id='word_1_60' title='bbox 1463 1260 1732 1314; x_wconf 73' lang='lat' dir='ltr'>Sanctitas</span> <span class='ocrx_word' id='word_1_61' title='bbox 1759 1262 1867 1315; x_wconf 90' lang='lat' dir='ltr'>Sua</span> <span class='ocrx_word' id='word_1_62' title='bbox 1891 1264 2122 1334; x_wconf 83' lang='lat' dir='ltr'>benigne</span> 
     </span>
     <span class='ocr_line' id='line_1_10' title="bbox 206 1345 2122 1418; baseline 0.002 -20"><span class='ocrx_word' id='word_1_63' title='bbox 206 1347 391 1398; x_wconf 84' lang='lat' dir='ltr'>eadem</span> <span class='ocrx_word' id='word_1_64' title='bbox 439 1345 683 1413; x_wconf 87' lang='lat' dir='ltr'>probavit</span> <span class='ocrx_word' id='word_1_65' title='bbox 730 1362 791 1396; x_wconf 91' lang='lat' dir='ltr'>ac</span> <span class='ocrx_word' id='word_1_66' title='bbox 834 1346 1024 1396; x_wconf 83' lang='lat' dir='ltr'>servari</span> <span class='ocrx_word' id='word_1_67' title='bbox 1072 1346 1323 1411; x_wconf 86' lang='lat' dir='ltr'>decrevit,</span> <span class='ocrx_word' id='word_1_68' title='bbox 1371 1348 1648 1399; x_wconf 75' lang='lat' dir='ltr'>contrariis</span> <span class='ocrx_word' id='word_1_69' title='bbox 1697 1349 2122 1418; x_wconf 90' lang='lat' dir='ltr'>quibuscumque</span> 
     </span>
     <span class='ocr_line' id='line_1_11' title="bbox 206 1430 726 1483; baseline -0.002 0"><span class='ocrx_word' id='word_1_70' title='bbox 206 1430 349 1483; x_wconf 88' lang='lat' dir='ltr'>haud</span> <span class='ocrx_word' id='word_1_71' title='bbox 374 1430 726 1482; x_wconf 63' lang='lat' dir='ltr'>obstantibus</span> 
     </span>
    </p>

    <p class='ocr_par' dir='ltr' id='par_1_4' title="bbox 348 1514 1239 1586">
     <span class='ocr_line' id='line_1_12' title="bbox 348 1514 1239 1586; baseline 0.003 -19"><span class='ocrx_word' id='word_1_72' title='bbox 348 1514 570 1580; x_wconf 86' lang='lat' dir='ltr'>Datum,</span> <span class='ocrx_word' id='word_1_73' title='bbox 595 1520 717 1581; x_wconf 86' lang='lat' dir='ltr'>etc.,</span> <span class='ocrx_word' id='word_1_74' title='bbox 741 1517 807 1567; x_wconf 89' lang='lat'>21</span> <span class='ocrx_word' id='word_1_75' title='bbox 837 1515 1054 1586; x_wconf 86' lang='lat' dir='ltr'>Aprilis,</span> <span class='ocrx_word' id='word_1_76' title='bbox 1083 1519 1239 1570; x_wconf 89' lang='lat'>1852.</span> 
     </span>
    </p>

    <p class='ocr_par' dir='ltr' id='par_1_5' title="bbox 1255 1604 2064 1671">
     <span class='ocr_line' id='line_1_13' title="bbox 1255 1604 2064 1671; baseline 0.004 -14"><span class='ocrx_word' id='word_1_77' title='bbox 1255 1604 1341 1657; x_wconf 85' lang='lat' dir='ltr'>Al.</span> <span class='ocrx_word' id='word_1_78' title='bbox 1380 1604 1667 1671; x_wconf 73' lang='grc' dir='ltr'><strong>ΒΑΒΝΔΒὸ,</strong></span> <span class='ocrx_word' id='word_1_79' title='bbox 1703 1604 2064 1661; x_wconf 72' lang='lat' dir='ltr'>Secretar‘bas.</span> 
     </span>
    </p>
   </div>
   <div class='ocr_carea' id='block_1_3' title="bbox 290 2169 2043 2377">
    <p class='ocr_par' dir='ltr' id='par_1_6' title="bbox 290 2169 2043 2377">
     <span class='ocr_line' id='line_1_14' title="bbox 1082 2169 1243 2222; baseline 0.019 -3"><span class='ocrx_word' id='word_1_80' title='bbox 1082 2169 1243 2222; x_wconf 87' lang='lat' dir='ltr'>VIII.</span> 
     </span>
     <span class='ocr_line' id='line_1_15' title="bbox 290 2318 2043 2377; baseline 0.003 -5"><span class='ocrx_word' id='word_1_81' title='bbox 290 2320 390 2372; x_wconf 91' lang='lat' dir='ltr'>DE</span> <span class='ocrx_word' id='word_1_82' title='bbox 438 2318 896 2373; x_wconf 87' lang='lat' dir='ltr'>RECTORIBUS</span> <span class='ocrx_word' id='word_1_83' title='bbox 945 2318 1452 2373; x_wconf 88' lang='lat' dir='ltr'>MISSIONARIIS</span> <span class='ocrx_word' id='word_1_84' title='bbox 1502 2321 2043 2377; x_wconf 88' lang='lat' dir='ltr'>INSTITUENDIS.</span> 
     </span>
    </p>
   </div>
   <div class='ocr_carea' id='block_1_4' title="bbox 713 2485 1611 2528">
    <p class='ocr_par' dir='ltr' id='par_1_7' title="bbox 713 2485 1611 2528">
     <span class='ocr_line' id='line_1_16' title="bbox 713 2485 1611 2528; baseline 0.002 -2"><span class='ocrx_word' id='word_1_85' title='bbox 713 2486 838 2527; x_wconf 74' lang='grc' dir='ltr'><strong>ΠΕΟ.</strong></span> <span class='ocrx_word' id='word_1_86' title='bbox 875 2486 919 2525; x_wconf 87' lang='lat' dir='ltr'>S.</span> <span class='ocrx_word' id='word_1_87' title='bbox 957 2485 1119 2526; x_wconf 79' lang='lat' dir='ltr'><strong>OONG.</strong></span> <span class='ocrx_word' id='word_1_88' title='bbox 1156 2485 1234 2525; x_wconf 84' lang='lat' dir='ltr'>DE</span> <span class='ocrx_word' id='word_1_89' title='bbox 1268 2486 1424 2526; x_wconf 85' lang='lat' dir='ltr'><strong>PROP.</strong></span> <span class='ocrx_word' id='word_1_90' title='bbox 1461 2488 1611 2528; x_wconf 82' lang='lat' dir='ltr'>FIDE.</span> 
     </span>
    </p>
   </div>
   <div class='ocr_carea' id='block_1_5' title="bbox 203 2644 2117 3828">
    <p class='ocr_par' dir='ltr' id='par_1_8' title="bbox 203 2644 2117 3743">
     <span class='ocr_line' id='line_1_17' title="bbox 349 2644 2116 2719; baseline 0.001 -19"><span class='ocrx_word' id='word_1_91' title='bbox 349 2649 505 2700; x_wconf 90' lang='lat' dir='ltr'>Licet</span> <span class='ocrx_word' id='word_1_92' title='bbox 551 2647 612 2699; x_wconf 93' lang='lat' dir='ltr'>in</span> <span class='ocrx_word' id='word_1_93' title='bbox 659 2645 972 2715; x_wconf 89' lang='lat' dir='ltr'>episcopalis</span> <span class='ocrx_word' id='word_1_94' title='bbox 1010 2644 1348 2695; x_wconf 82' lang='lat' dir='ltr'>Hierarchiae</span> <span class='ocrx_word' id='word_1_95' title='bbox 1384 2646 1727 2699; x_wconf 77' lang='lat' dir='ltr'>restitutione</span> <span class='ocrx_word' id='word_1_96' title='bbox 1762 2665 1855 2716; x_wconf 86' lang='lat' dir='ltr'>per</span> <span class='ocrx_word' id='word_1_97' title='bbox 1890 2649 2116 2719; x_wconf 87' lang='lat' dir='ltr'>Angliae</span> 
     </span>
     <span class='ocr_line' id='line_1_18' title="bbox 205 2729 2116 2805; baseline -0.001 -17"><span class='ocrx_word' id='word_1_98' title='bbox 205 2751 445 2805; x_wconf 83' lang='lat' dir='ltr'>regnum,</span> <span class='ocrx_word' id='word_1_99' title='bbox 492 2731 788 2784; x_wconf 89' lang='lat' dir='ltr'>communis</span> <span class='ocrx_word' id='word_1_100' title='bbox 837 2729 1181 2781; x_wconf 87' lang='lat' dir='ltr'>ecclesiastici</span> <span class='ocrx_word' id='word_1_101' title='bbox 1230 2729 1369 2797; x_wconf 89' lang='lat' dir='ltr'>juris</span> <span class='ocrx_word' id='word_1_102' title='bbox 1430 2730 1763 2783; x_wconf 88' lang='lat' dir='ltr'>observantia</span> <span class='ocrx_word' id='word_1_103' title='bbox 1823 2736 2116 2803; x_wconf 85' lang='lat' dir='ltr'>generatim</span> 
     </span>
     <span class='ocr_line' id='line_1_19' title="bbox 204 2815 2116 2890; baseline -0.001 -18"><span class='ocrx_word' id='word_1_104' title='bbox 204 2820 525 2890; x_wconf 88' lang='lat' dir='ltr'>praescripta</span> <span class='ocrx_word' id='word_1_105' title='bbox 559 2818 739 2879; x_wconf 87' lang='lat' dir='ltr'>fuerit,</span> <span class='ocrx_word' id='word_1_106' title='bbox 778 2820 1019 2867; x_wconf 87' lang='lat' dir='ltr'>attamen</span> <span class='ocrx_word' id='word_1_107' title='bbox 1058 2815 1392 2882; x_wconf 85' lang='lat' dir='ltr'>exploratum</span> <span class='ocrx_word' id='word_1_108' title='bbox 1436 2821 1534 2879; x_wconf 88' lang='lat' dir='ltr'>est,</span> <span class='ocrx_word' id='word_1_109' title='bbox 1574 2834 1698 2887; x_wconf 88' lang='lat' dir='ltr'>cum</span> <span class='ocrx_word' id='word_1_110' title='bbox 1737 2821 2116 2889; x_wconf 88' lang='lat' dir='ltr'>praerequisita</span> 
     </span>
     <span class='ocr_line' id='line_1_20' title="bbox 205 2901 2117 2971; baseline -0.001 -13"><span class='ocrx_word' id='word_1_111' title='bbox 205 2905 491 2958; x_wconf 84' lang='lat' dir='ltr'>necessaria</span> <span class='ocrx_word' id='word_1_112' title='bbox 514 2902 784 2954; x_wconf 87' lang='lat' dir='ltr'>nonnullis</span> <span class='ocrx_word' id='word_1_113' title='bbox 809 2903 868 2952; x_wconf 93' lang='lat' dir='ltr'>in</span> <span class='ocrx_word' id='word_1_114' title='bbox 892 2901 1160 2968; x_wconf 86' lang='lat' dir='ltr'>capitibus</span> <span class='ocrx_word' id='word_1_115' title='bbox 1185 2901 1376 2964; x_wconf 89' lang='lat' dir='ltr'>desint,</span> <span class='ocrx_word' id='word_1_116' title='bbox 1404 2903 1578 2968; x_wconf 89' lang='lat' dir='ltr'>quoad</span> <span class='ocrx_word' id='word_1_117' title='bbox 1604 2903 1750 2966; x_wconf 88' lang='lat' dir='ltr'>haec,</span> <span class='ocrx_word' id='word_1_118' title='bbox 1774 2905 1955 2971; x_wconf 88' lang='lat' dir='ltr'>perfici</span> <span class='ocrx_word' id='word_1_119' title='bbox 1981 2905 2117 2956; x_wconf 92' lang='lat' dir='ltr'>illud</span> 
     </span>
     <span class='ocr_line' id='line_1_21' title="bbox 206 2987 2117 3056; baseline -0.001 -14"><span class='ocrx_word' id='word_1_120' title='bbox 206 2992 393 3043; x_wconf 86' lang='lat' dir='ltr'>statim</span> <span class='ocrx_word' id='word_1_121' title='bbox 416 2989 559 3040; x_wconf 91' lang='lat' dir='ltr'>haud</span> <span class='ocrx_word' id='word_1_122' title='bbox 583 3005 762 3056; x_wconf 82' lang='lat' dir='ltr'>posse3</span> <span class='ocrx_word' id='word_1_123' title='bbox 792 2987 922 3037; x_wconf 90' lang='lat' dir='ltr'>adeo</span> <span class='ocrx_word' id='word_1_124' title='bbox 947 2990 1010 3036; x_wconf 91' lang='lat' dir='ltr'>ut</span> <span class='ocrx_word' id='word_1_125' title='bbox 1035 2990 1207 3037; x_wconf 86' lang='lat' dir='ltr'>status</span> <span class='ocrx_word' id='word_1_126' title='bbox 1232 2987 1496 3038; x_wconf 85' lang='lat' dir='ltr'>missionis</span> <span class='ocrx_word' id='word_1_127' title='bbox 1521 2987 1702 3055; x_wconf 89' lang='lat' dir='ltr'>aliqua</span> <span class='ocrx_word' id='word_1_128' title='bbox 1728 3006 1792 3039; x_wconf 85' lang='lat' dir='ltr'>ex</span> <span class='ocrx_word' id='word_1_129' title='bbox 1816 2994 1968 3056; x_wconf 86' lang='lat' dir='ltr'>parte</span> <span class='ocrx_word' id='word_1_130' title='bbox 1993 3007 2117 3042; x_wconf 88' lang='lat' dir='ltr'>cum</span> 
     </span>
     <span class='ocr_line' id='line_1_22' title="bbox 205 3073 2117 3141; baseline -0.001 -14"><span class='ocrx_word' id='word_1_131' title='bbox 205 3077 546 3128; x_wconf 90' lang='lat' dir='ltr'>institutione</span> <span class='ocrx_word' id='word_1_132' title='bbox 571 3073 892 3125; x_wconf 87' lang='lat' dir='ltr'>dioecesium</span> <span class='ocrx_word' id='word_1_133' title='bbox 918 3073 989 3123; x_wconf 89' lang='lat' dir='ltr'>sit</span> <span class='ocrx_word' id='word_1_134' title='bbox 1013 3073 1423 3139; x_wconf 85' lang='lat' dir='ltr'>componenduS‚</span> <span class='ocrx_word' id='word_1_135' title='bbox 1449 3078 1608 3140; x_wconf 93' lang='lat' dir='ltr'>prout</span> <span class='ocrx_word' id='word_1_136' title='bbox 1632 3074 1691 3123; x_wconf 93' lang='lat' dir='ltr'>in</span> <span class='ocrx_word' id='word_1_137' title='bbox 1718 3074 1838 3125; x_wconf 90' lang='lat' dir='ltr'>aliis</span> <span class='ocrx_word' id='word_1_138' title='bbox 1875 3074 2117 3141; x_wconf 89' lang='lat' dir='ltr'>pluribus</span> 
     </span>
     <span class='ocr_line' id='line_1_23' title="bbox 207 3157 2115 3229; baseline -0.001 -16"><span class='ocrx_word' id='word_1_139' title='bbox 207 3161 386 3214; x_wconf 81' lang='lat' dir='ltr'>evenit</span> <span class='ocrx_word' id='word_1_140' title='bbox 432 3161 615 3223; x_wconf 89' lang='lat' dir='ltr'>donec,</span> <span class='ocrx_word' id='word_1_141' title='bbox 664 3159 776 3210; x_wconf 90' lang='lat' dir='ltr'>Deo</span> <span class='ocrx_word' id='word_1_142' title='bbox 826 3158 1055 3220; x_wconf 88' lang='lat' dir='ltr'>favente,</span> <span class='ocrx_word' id='word_1_143' title='bbox 1103 3157 1486 3208; x_wconf 88' lang='lat' dir='ltr'>ecclesiasticae</span> <span class='ocrx_word' id='word_1_144' title='bbox 1536 3174 1842 3209; x_wconf 90' lang='lat' dir='ltr'>communes</span> <span class='ocrx_word' id='word_1_145' title='bbox 1903 3161 2115 3229; x_wconf 87' lang='lat' dir='ltr'>regulae</span> 
     </span>
     <span class='ocr_line' id='line_1_24' title="bbox 205 3242 2115 3317; baseline -0.001 -18"><span class='ocrx_word' id='word_1_146' title='bbox 205 3248 509 3317; x_wconf 78' lang='lat' dir='ltr'>plenissime</span> <span class='ocrx_word' id='word_1_147' title='bbox 558 3244 816 3297; x_wconf 82' lang='lat' dir='ltr'>observari</span> <span class='ocrx_word' id='word_1_148' title='bbox 872 3243 1100 3294; x_wconf 88' lang='lat' dir='ltr'>valeant.</span> <span class='ocrx_word' id='word_1_149' title='bbox 1176 3242 1539 3311; x_wconf 90' lang='lat' dir='ltr'>Hujusmondi</span> <span class='ocrx_word' id='word_1_150' title='bbox 1601 3244 1837 3310; x_wconf 90' lang='lat' dir='ltr'>profecto</span> <span class='ocrx_word' id='word_1_151' title='bbox 1898 3262 1959 3295; x_wconf 93' lang='lat' dir='ltr'>ea</span> <span class='ocrx_word' id='word_1_152' title='bbox 2006 3263 2115 3297; x_wconf 91' lang='lat' dir='ltr'>esse</span> 
     </span>
     <span class='ocr_line' id='line_1_25' title="bbox 205 3329 2115 3400; baseline -0.002 -16"><span class='ocrx_word' id='word_1_153' title='bbox 205 3333 441 3385; x_wconf 90' lang='lat' dir='ltr'>noscitur</span> <span class='ocrx_word' id='word_1_154' title='bbox 462 3348 582 3400; x_wconf 89' lang='lat' dir='ltr'>pars</span> <span class='ocrx_word' id='word_1_155' title='bbox 607 3330 848 3381; x_wconf 90' lang='lat' dir='ltr'>canonici</span> <span class='ocrx_word' id='word_1_156' title='bbox 875 3329 1014 3397; x_wconf 89' lang='lat' dir='ltr'>juris</span> <span class='ocrx_word' id='word_1_157' title='bbox 1056 3345 1190 3396; x_wconf 91' lang='lat' dir='ltr'>quae</span> <span class='ocrx_word' id='word_1_158' title='bbox 1215 3330 1431 3396; x_wconf 89' lang='lat' dir='ltr'>respicit</span> <span class='ocrx_word' id='word_1_159' title='bbox 1465 3330 1533 3379; x_wconf 90' lang='lat' dir='ltr'>ad</span> <span class='ocrx_word' id='word_1_160' title='bbox 1571 3331 1929 3396; x_wconf 89' lang='lat' dir='ltr'>paroeciarum</span> <span class='ocrx_word' id='word_1_161' title='bbox 1960 3331 2115 3382; x_wconf 89' lang='lat' dir='ltr'>insti-</span> 
     </span>
     <span class='ocr_line' id='line_1_26' title="bbox 205 3414 2114 3477; baseline -0.002 -6"><span class='ocrx_word' id='word_1_162' title='bbox 205 3420 497 3470; x_wconf 84' lang='lat' dir='ltr'>tutionem:</span> <span class='ocrx_word' id='word_1_163' title='bbox 516 3416 641 3468; x_wconf 92' lang='lat' dir='ltr'>hinc</span> <span class='ocrx_word' id='word_1_164' title='bbox 657 3416 860 3466; x_wconf 87' lang='lat' dir='ltr'>factum</span> <span class='ocrx_word' id='word_1_165' title='bbox 877 3418 974 3477; x_wconf 87' lang='lat' dir='ltr'>est,</span> <span class='ocrx_word' id='word_1_166' title='bbox 983 3418 1048 3464; x_wconf 91' lang='lat' dir='ltr'>ut</span> <span class='ocrx_word' id='word_1_167' title='bbox 1068 3414 1537 3465; x_wconf 89' lang='lat' dir='ltr'>Eminentissimus</span> <span class='ocrx_word' id='word_1_168' title='bbox 1554 3432 1614 3464; x_wconf 84' lang='lat' dir='ltr'>ac</span> <span class='ocrx_word' id='word_1_169' title='bbox 1631 3414 2114 3468; x_wconf 87' lang='lat' dir='ltr'>Reverendissimus</span> 
     </span>
     <span class='ocr_line' id='line_1_27' title="bbox 203 3500 2110 3567; baseline -0.002 -12"><span class='ocrx_word' id='word_1_170' title='bbox 203 3502 464 3555; x_wconf 85' lang='lat' dir='ltr'>Dominus</span> <span class='ocrx_word' id='word_1_171' title='bbox 491 3501 545 3553; x_wconf 87' lang='lat' dir='ltr'>N</span> <span class='ocrx_word' id='word_1_172' title='bbox 546 3502 744 3553; x_wconf 88' lang='lat' dir='ltr'>icolaus</span> <span class='ocrx_word' id='word_1_173' title='bbox 767 3500 1038 3551; x_wconf 88' lang='lat' dir='ltr'>Wiseman</span> <span class='ocrx_word' id='word_1_174' title='bbox 1063 3500 1499 3567; x_wconf 89' lang='lat' dir='ltr'>Archiepiscopus</span> <span class='ocrx_word' id='word_1_175' title='bbox 1534 3500 2110 3552; x_wconf 88' lang='lat' dir='ltr'>Westmonasteriensis</span> 
     </span>
     <span class='ocr_line' id='line_1_28' title="bbox 203 3584 2111 3654; baseline -0.002 -14"><span class='ocrx_word' id='word_1_176' title='bbox 203 3605 266 3640; x_wconf 86' lang='lat' dir='ltr'>ac</span> <span class='ocrx_word' id='word_1_177' title='bbox 290 3588 405 3640; x_wconf 83' lang='lat' dir='ltr'>RR.</span> <span class='ocrx_word' id='word_1_178' title='bbox 431 3587 540 3639; x_wconf 90' lang='lat' dir='ltr'>PP.</span> <span class='ocrx_word' id='word_1_179' title='bbox 565 3586 684 3638; x_wconf 90' lang='lat' dir='ltr'>DD.</span> <span class='ocrx_word' id='word_1_180' title='bbox 710 3585 961 3654; x_wconf 90' lang='lat' dir='ltr'>Episcopi</span> <span class='ocrx_word' id='word_1_181' title='bbox 986 3585 1212 3654; x_wconf 86' lang='lat' dir='ltr'>Angliae</span> <span class='ocrx_word' id='word_1_182' title='bbox 1236 3602 1371 3652; x_wconf 87' lang='lat' dir='ltr'>quae</span> <span class='ocrx_word' id='word_1_183' title='bbox 1398 3590 1689 3652; x_wconf 80' lang='lat' dir='ltr'>sequuntur</span> <span class='ocrx_word' id='word_1_184' title='bbox 1715 3584 1942 3636; x_wconf 85' lang='lat' dir='ltr'>Sanctae</span> <span class='ocrx_word' id='word_1_185' title='bbox 1985 3586 2111 3637; x_wconf 89' lang='lat' dir='ltr'>Sedi</span> 
     </span>
     <span class='ocr_line' id='line_1_29' title="bbox 204 3672 898 3743; baseline -0.006 -17"><span class='ocrx_word' id='word_1_186' title='bbox 204 3673 541 3743; x_wconf 82' lang='lat' dir='ltr'>approbanda</span> <span class='ocrx_word' id='word_1_187' title='bbox 565 3672 898 3740; x_wconf 88' lang='lat' dir='ltr'>subjecerint.</span> 
     </span>
    </p>

    <p class='ocr_par' dir='ltr' id='par_1_9' title="bbox 348 3755 2109 3828">
     <span class='ocr_line' id='line_1_30' title="bbox 348 3755 2109 3828; baseline -0.001 -18"><span class='ocrx_word' id='word_1_188' title='bbox 348 3758 417 3810; x_wconf 94' lang='lat' dir='ltr'>In</span> <span class='ocrx_word' id='word_1_189' title='bbox 451 3756 676 3828; x_wconf 81' lang='lat' dir='ltr'>singulis</span> <span class='ocrx_word' id='word_1_190' title='bbox 717 3755 1042 3809; x_wconf 85' lang='lat' dir='ltr'>dioecesibus</span> <span class='ocrx_word' id='word_1_191' title='bbox 1079 3756 1399 3807; x_wconf 87' lang='lat' dir='ltr'>auctoritate</span> <span class='ocrx_word' id='word_1_192' title='bbox 1436 3755 1705 3824; x_wconf 90' lang='lat' dir='ltr'>Episcopi,</span> <span class='ocrx_word' id='word_1_193' title='bbox 1754 3759 1994 3808; x_wconf 85' lang='lat' dir='ltr'>attamen</span> <span class='ocrx_word' id='word_1_194' title='bbox 2043 3758 2109 3808; x_wconf 89' lang='lat' dir='ltr'>de</span> 
     </span>
    </p>
   </div>
  </div>
 </body>
</html>
