2514 4504
976 462 1220 505 APPEND.
1267 463 1305 505 1.
1962 445 2083 507 113

184 606 414 676 Spiritus
441 607 625 660 Sancti
649 610 823 676 gratia
848 609 1118 672 donatam,
1143 613 1200 661 et
1223 626 1255 661 a
1280 613 1497 678 peccato
1530 610 1776 679 originali
1801 626 2091 678 praeserva-

183 696 297 744 tam
322 693 501 756 fuisse,
538 711 634 745 nec
659 710 766 744 non
804 696 859 744 et
895 694 953 744 in
980 694 1210 745 favorem
1237 695 1378 759 festi,
1414 701 1471 747 et
1507 696 1684 748 cultus
1722 695 2091 763 conceptionis

182 778 419 847 ejusdem
444 779 680 848 Virginis
706 779 965 847 Deiparae
989 780 1281 831 secundum
1305 781 1453 848 piam
1480 782 1639 832 istam
1665 782 2003 850 sententiam,
2029 784 2093 830 ut

181 860 489 928 praefertur,
537 861 782 924 exhibiti,
827 862 1158 926 innovamus,
1202 867 1258 913 et
1298 864 1394 915 sub
1443 865 1671 915 censuris
1715 869 1771 915 et
1813 864 1993 932 poenis
2035 863 2091 913 in

183 945 382 997 eisdem
409 947 883 1019 constitutionibus
909 949 1191 1011 contentiS,
1216 949 1476 1001 observari
1502 950 1832 1001 mandamus.

326 1035 359 1061 “
376 1030 450 1082 Et
474 1033 687 1100 insuper
711 1049 892 1083 omnes
916 1036 972 1083 et
996 1033 1251 1101 singulos,
1269 1035 1363 1102 qui
1389 1036 1650 1103 praefatas
1669 1034 2092 1098 constitutiones,

183 1134 273 1169 seu
298 1117 507 1169 decreta
532 1118 611 1168 ita
648 1122 871 1187 pergent
896 1118 1253 1186 interpretari,
1291 1124 1355 1170 ut
1392 1121 1624 1172 favorem
1658 1138 1749 1188 per
1773 1120 1892 1171 illas
1917 1121 2092 1171 dictae

183 1204 496 1267 sententiae,
514 1207 571 1254 et
597 1204 731 1255 festo
757 1220 849 1255 seu
875 1204 1048 1255 cultui
1068 1206 1357 1257 secundum
1382 1206 1534 1257 illam
1562 1206 1818 1270 exhibito,
1845 1207 2094 1257 frustren-

182 1291 287 1352 tur,
327 1289 411 1340 vel
453 1290 546 1357 qui
590 1288 727 1340 hane
765 1289 987 1340 eamden
1031 1291 1370 1355 sententiam,
1415 1292 1613 1343 festum
1657 1309 1748 1343 seu
1790 1291 1998 1342 cultum
2035 1290 2092 1340 in

182 1374 597 1443 disputationem
631 1390 887 1437 revocare,
913 1378 1011 1425 aut
1034 1379 1218 1426 contra
1255 1392 1317 1427 ea
1341 1392 1551 1444 quoquo
1575 1377 1733 1428 modo
1770 1377 1984 1438 directe,
2008 1373 2093 1425 vel

182 1460 440 1511 indirecte
463 1463 560 1510 aut
583 1459 768 1527 quovis
791 1464 1090 1526 praetextu,
1117 1461 1282 1512 etiam
1301 1461 1696 1513 definibilitatis
1721 1462 1764 1530 ej
1773 1479 1834 1512 us
1858 1461 2094 1512 examin-

181 1545 367 1608 andae,
392 1545 502 1596 sive
527 1561 727 1595 sacram
765 1543 1113 1612 Scripturam,
1139 1550 1236 1597 aut
1269 1551 1476 1598 sanctos
1513 1547 1697 1598 Patres
1723 1547 1831 1598 sive
1857 1547 2093 1597 doctores

181 1629 448 1700 glossandi
487 1630 572 1681 vel
614 1631 1019 1699 interpretandi,
1060 1632 1291 1699 denique
1332 1631 1439 1683 alio
1465 1634 1651 1700 quovis
1688 1637 1967 1700 praetextu
2003 1648 2093 1683 seu

182 1716 467 1779 occasione,
492 1715 689 1783 scripto
715 1733 807 1767 seu
831 1733 958 1767 voce
994 1716 1158 1785 loqui,
1185 1719 1502 1781 concionari,
1538 1722 1783 1782 tractare,
1807 1718 2093 1785 disputare,

181 1805 363 1854 contra
384 1818 447 1853 ea
470 1801 766 1869 quidquam
791 1802 1209 1867 determinandO,
1234 1808 1331 1854 aut
1354 1804 1645 1867 asserend0,
1670 1803 1754 1855 vel
1777 1806 2094 1872 argumenta

181 1894 365 1940 contra
389 1904 451 1938 ea
474 1887 758 1951 afferendO,
783 1891 840 1939 et
863 1888 1098 1940 insoluta
1121 1889 1485 1957 relinquendO,
1500 1894 1596 1940 aut
1610 1890 1717 1941 alio
1742 1890 1927 1958 quovis
1945 1890 2093 1939 inex-

181 1973 458 2043 cogitabili
472 1973 630 2025 modo
649 1973 948 2025 disserendo
966 1974 1082 2025 ausi
1097 1974 1297 2026 fuerint
1307 1992 1321 2035 3
1346 1979 1552 2043 praeter
1566 1992 1760 2043 poenas
1778 1979 1834 2026 et
1852 1991 2093 2026 censuras

182 2059 241 2111 in
279 2059 751 2111 constitutionibus
788 2058 932 2111 Sixti
972 2059 1052 2110 IV
1095 2064 1390 2125 contentaS,
1435 2061 1627 2129 quibus
1668 2061 1786 2112 illos
1826 2061 2093 2129 subjacere

181 2144 439 2209 volumus,
466 2148 523 2196 et
557 2161 651 2213 per
685 2148 986 2212 praesentes
1011 2145 1344 2214 subjicimus,
1367 2146 1533 2196 etiam
1571 2147 1934 2209 concionandi,
1959 2146 2093 2214 pub-

180 2230 284 2282 lice
325 2230 556 2301 legendi,
600 2247 693 2282 seu
734 2231 977 2295 docendi,
1021 2234 1078 2282 et
1119 2232 1506 2299 interpretandi
1550 2231 1825 2295 facultate,
1861 2248 1923 2283 ac
1966 2248 2092 2283 voce

181 2316 359 2367 activa
383 2319 440 2367 et
479 2317 689 2385 passiva
731 2317 790 2367 in
831 2316 1234 2385 quibuscunque
1277 2317 1644 2381 electionibuS,
1669 2334 1731 2369 eo
1755 2318 1871 2386 ipso
1896 2317 2092 2385 absque

180 2401 287 2452 alia
310 2402 663 2453 declaratione
699 2402 934 2470 privatos
959 2419 1069 2454 esse
1105 2402 1382 2463 volumus3
1419 2419 1517 2454 nec
1542 2419 1649 2454 non
1674 2404 1742 2454 ad
1778 2404 2092 2454 concionan-

181 2487 329 2550 dum,
353 2487 565 2555 publice
590 2487 896 2557 legendum,
920 2487 1236 2551 docendum,
1255 2492 1311 2539 et
1329 2487 1787 2556 interpretandum
1807 2493 2091 2556 perpetuae

179 2572 536 2624 inhabilitatis
560 2589 754 2640 poenas
779 2573 894 2640 ipso
913 2573 1055 2624 facto
1078 2574 1338 2624 incurrere
1357 2574 1554 2641 absque
1578 2574 1685 2625 alia
1709 2575 2089 2635 declaratione3

181 2675 214 2710 a
236 2658 429 2727 quibus
452 2659 637 2725 poenis
659 2659 873 2709 nonnisi
897 2675 930 2709 a
955 2658 1120 2710 Nobis
1143 2658 1292 2726 ipsis,
1312 2658 1396 2710 vel
1414 2675 1446 2710 a
1472 2658 1862 2712 Successoribus
1885 2659 2092 2712 Nostris

182 2744 436 2795 Romanis
478 2743 833 2795 Pontificibus
875 2743 1093 2807 absolvi,
1119 2747 1216 2794 aut
1258 2761 1409 2812 super
1434 2745 1499 2795 iis
1525 2746 1814 2813 dispensari
1850 2747 2089 2814 possint:

179 2845 278 2881 nec
300 2846 409 2881 non
432 2829 642 2880 eosdem
683 2828 805 2880 aliis
843 2830 1044 2896 poenis,
1082 2828 1292 2892 Nostro,
1325 2833 1382 2879 ct
1421 2830 1706 2881 eorumden
1731 2830 2091 2882 Romanorum

181 2914 507 2966 Pontificum
540 2912 906 2965 Successorum
943 2913 1255 2965 Nostrorum
1280 2914 1497 2966 arbitrio
1533 2914 1857 2984 infligendiS,
1894 2918 2093 2984 pariter

181 3000 446 3068 subjacere
482 2998 745 3062 volumus,
780 3003 939 3066 prout
963 2999 1275 3067 subjicimus
1311 3017 1404 3067 per
1428 3008 1740 3068 praesent-eS,
1778 3002 2089 3054 innovantes

180 3085 338 3137 Pauli
362 3084 413 3133 V
437 3088 493 3136 et
519 3082 764 3154 Gregorii
788 3083 894 3134 XV
931 3084 1168 3152 superius
1193 3090 1511 3137 memoratas
1547 3087 1956 3139 constitutiones
1981 3090 2089 3140 sive

178 3170 404 3223 decreta.

323 3260 357 3286 “
373 3255 449 3306 Ac
474 3255 652 3319 libros,
675 3255 734 3305 in
757 3254 951 3322 quibus
987 3254 1224 3322 praefata
1248 3255 1533 3319 sententia,
1558 3256 1772 3321 festum,
1798 3274 1889 3309 seu
1913 3259 2110 3310 cultus

179 3342 473 3394 Secundum
509 3340 662 3390 illam
699 3341 759 3390 iu
784 3339 1008 3390 dubium
1046 3343 1337 3403 revocatur,
1363 3344 1459 3391 aut
1496 3346 1677 3392 contra
1714 3359 1775 3393 ea
1800 3345 2088 3410 quomodo-

179 3444 405 3494 cunque,
428 3430 494 3476 ut
530 3432 702 3493 supra,
745 3425 950 3493 aliquid
976 3425 1223 3475 scribitur
1264 3430 1360 3475 aut
1403 3426 1619 3494 legitur,
1646 3444 1735 3477 seu
1779 3427 2085 3493 locutiones,

178 3513 470 3574 conciones,
495 3515 774 3574 tractatus,
799 3515 855 3561 et
880 3510 1269 3576 disputationes
1295 3514 1478 3561 contra
1503 3512 1688 3561 eadem
1714 3513 2084 3574 continentum

177 3600 298 3664 post
334 3596 492 3647 Pauli
518 3596 567 3645 V
592 3613 748 3663 supra
786 3596 1066 3647 laudatum
1104 3596 1377 3646 decretum
1404 3597 1592 3659 editos,
1617 3601 1713 3646 aut
1737 3597 1794 3646 in
1820 3603 2084 3664 posterum

178 3681 576 3749 quomodolibet
622 3682 866 3743 edendos,
904 3681 1242 3748 prohibemus
1292 3681 1388 3731 sub
1436 3681 1620 3748 poenis
1670 3687 1726 3732 et
1762 3684 1990 3733 censuris
2028 3686 2083 3735 in

180 3764 365 3817 Indice
387 3765 641 3817 librorum
666 3762 1053 3835 prohibitorum
1079 3767 1360 3829 contentiS‚
1377 3770 1433 3817 et
1457 3767 1572 3833 ipso
1597 3767 1737 3817 facto
1760 3767 1955 3835 absque
1979 3770 2084 3820 alia
