2514 4504
434 404 516 465 46
1013 417 1175 460 οοΝο.
1222 415 1389 459 PRov.
1435 414 1656 457 wner.
1702 416 1740 456 1.

569 571 657 620 45.
709 567 858 628 Quod
908 567 952 616 si
1002 566 1060 615 in
1108 564 1280 632 primo
1331 562 1588 614 scrutinio
1636 560 1815 612 nullus
1859 561 2020 634 fuerit
2067 564 2336 614 assecutus

427 656 681 724 majorem
705 668 1003 713 numerum,
1027 651 1223 701 iterum
1249 647 1499 716 suffragia
1541 645 1776 697 ferantur
1818 661 1984 712 usque
2026 646 2156 698 dum
2199 662 2337 700 unus

427 740 588 791 fuerit
613 738 769 787 illum
793 738 1076 786 assecutus.

570 822 658 874 46.
707 820 825 871 Hac
851 819 1017 870 etiam
1041 816 1246 867 ratione
1268 814 1659 883 procedendum
1681 815 1784 865 erit
1807 813 1876 864 ad
1915 813 2336 884 designationem

426 907 644 959 alterius
667 910 723 957 et
765 904 916 956 tertii
954 901 1243 954 candidati.
1317 900 1398 952 De
1437 899 1582 951 hisce
1629 898 1877 950 omnibus
1918 899 2335 954 instrumentum

428 993 522 1044 fiet
545 992 627 1043 his
652 990 909 1041 terminiS.

569 1081 603 1107 ‘⁶
623 1076 857 1126 Vacante
881 1077 1095 1141 propter
1119 1072 1328 1123 obitum
1352 1069 1438 1121 vel
1444 1105 1791 1122 ...............
1798 1068 1863 1120 R.
1880 1068 1943 1120 P.
1962 1069 2087 1122 Dni.
2118 1069 2213 1142 [N.
2231 1068 2330 1143 N]

429 1161 561 1214 Sede
591 1159 712 1230 [N]
742 1158 1050 1226 Capitulum
1089 1157 1368 1207 sessionem
1406 1157 1659 1206 secretam
1697 1153 1907 1217 habuit,
1931 1153 2030 1206 hac
2054 1155 2208 1207 die...
2238 1157 2337 1209 sub

426 1247 719 1316 praesentia
763 1245 827 1295 R.
867 1243 929 1294 P.
959 1242 1086 1292 Dni.
1116 1239 1210 1311 [N.
1229 1239 1326 1310 N.]
1365 1240 1762 1307 Archiepiscopi
1802 1239 1952 1291 vel...
1994 1241 2053 1291 in
2076 1257 2183 1308 qua
2214 1246 2336 1309 post

427 1334 743 1384 celebratam
766 1330 982 1380 missam
1007 1327 1070 1378 de
1096 1326 1304 1394 Spiritu
1328 1324 1542 1388 Sancto,
1569 1325 1727 1376 electi
1759 1325 1976 1376 fuerunt
2008 1324 2336 1380 Scrutatores

425 1419 490 1471 R.
509 1418 575 1468 D.
608 1415 701 1485 [N.
720 1412 836 1483 N.],
861 1413 925 1464 R.
945 1413 1012 1463 D.
1043 1411 1135 1482 [N.
1151 1409 1270 1481 N.],
1294 1410 1357 1462 R.
1375 1410 1442 1461 D.
1468 1408 1562 1480 [N.
1579 1407 1677 1480 N.]

569 1506 602 1531 ‘⁶
619 1500 784 1550 Facto
809 1502 889 1549 ter
915 1497 1167 1548 scrutinio
1186 1499 1394 1547 constat
1418 1512 1483 1546 ex
1502 1494 1606 1563 maj
1614 1511 1701 1546 ore
1724 1510 1943 1546 numero
1962 1494 2333 1566 suffragiomm

426 1585 787 1655 proponendos
830 1599 938 1633 esse
982 1581 1035 1633 S.
1078 1581 1225 1633 Sedis
1259 1581 1467 1648 judicio
1497 1580 1646 1630 viros
1686 1578 2065 1632 ecclesiasticos
2106 1597 2334 1660 quorum

425 1671 643 1723 nomina
666 1669 754 1720 hio
778 1667 956 1720 ordine
981 1666 1315 1734 alphabetico
1344 1665 1745 1716 describunturz

1031 1752 1160 1803 Rev.
1185 1751 1349 1802 Dnus.
1382 1749 1498 1820 [A.]

1032 1837 1160 1887 Rev.
1186 1835 1352 1886 DnuS.
1382 1833 1498 1905 [B.]

1030 1921 1157 1972 Rev.
1183 1920 1347 1971 Dnus.
1378 1918 1491 1990 [C.]

569 2013 603 2041 ‘⁶
624 2008 816 2062 Omnia
834 2023 954 2058 vero
971 2009 1184 2074 peracta
1203 2005 1419 2056 fuerunt
1443 2005 1511 2055 ad
1536 2006 1779 2059 tramites
1795 2006 2127 2061 decretorum
2147 2004 2332 2061 Sacrae

428 2092 862 2162 Congregationis
887 2092 953 2141 de
978 2090 1323 2159 Propaganda
1347 2089 1497 2141 Fide.

567 2182 601 2208 ‘⁶
621 2177 688 2226 In
745 2192 970 2243 quorum
1027 2174 1189 2225 fidem
1250 2176 1343 2226 has
1401 2180 1700 2243 praesentes
1754 2179 1856 2230 rite
1917 2178 2214 2247 publicatas
2273 2179 2333 2231 in

428 2262 698 2331 Capitulo,
736 2262 970 2312 munitas
1013 2261 1189 2329 sigillo
1231 2260 1532 2328 capitulari,
1575 2266 1632 2313 et
1671 2263 1770 2314 sub
1808 2279 1971 2314 manu
2014 2263 2332 2331 Praepositi,

429 2348 720 2410 Secretarii,
736 2350 792 2397 et
816 2345 1201 2408 Scrutatorum,
1227 2343 1538 2412 Capitulum
1563 2346 1676 2396 dari
1693 2347 1860 2415 jussit
1883 2348 2038 2400 die...
2057 2347 2276 2401 Mensis
2290 2387 2300 2399 .
2313 2387 2324 2401 .

978 2501 1040 2553 A.
1091 2500 1457 2569 Praepositae
1518 2500 1586 2554 G.

602 2583 665 2634 L.
689 2580 760 2653 ›1‹
780 2581 833 2636 S.
978 2582 1045 2634 D.
1096 2580 1436 2635 Secretarius
1507 2583 1588 2634 M.
1635 2503 1690 2712 }
1736 2574 2125 2629 scrutatores?

1517 2666 1587 2718 N.

566 2748 691 2801 Tria
729 2767 849 2801 vero
893 2750 1133 2817 exempla
1175 2751 1486 2801 authentica
1521 2751 1673 2814 fiant,
1718 2767 1942 2818 quorum
1977 2767 2150 2803 unum
2186 2751 2329 2820 apud

427 2833 738 2903 Capitulum
781 2840 1084 2899 asservetur,
1126 2836 1352 2887 alterum
1391 2838 1535 2904 apud
1583 2836 2067 2904 Archiepiscopum,
2106 2839 2330 2891 tertium

426 2936 548 2971 vero
586 2921 654 2971 ab
687 2920 1089 2988 Archiepiscopo
1113 2922 1181 2972 ad
1208 2920 1323 2972 Sac.
1351 2920 1512 2991 Cong.
1541 2922 1606 2973 de
1630 2922 1978 2991 Propaganda
2001 2922 2137 2974 Fide
2160 2927 2330 2976 trans-

426 3005 692 3055 mittam.
880 2990 886 2994 ’

572 3088 658 3141 47.
710 3089 862 3140 Idem
903 3089 1027 3140 ordo
1070 3088 1318 3159 suffragia
1354 3091 1570 3155 ferendi,
1613 3107 1775 3158 eaque
1811 3091 1869 3142 in
1892 3107 2082 3143 manus
2117 3091 2330 3145 Scruta-

428 3176 604 3224 torum
640 3174 925 3235 deferendi,
951 3178 1179 3225 servetur
1202 3175 1260 3224 in
1291 3177 1640 3242 proponendis
1678 3177 1845 3227 tribus
1869 3176 2236 3228 ecclesiasticis
2259 3178 2328 3229 ad

428 3258 767 3308 canonicatus
804 3262 1048 3308 vacantes
1091 3261 1302 3325 quando
1340 3261 1630 3328 propositio
1656 3265 1861 3328 spectat
1897 3262 1965 3312 ad
1999 3260 2326 3329 Capitulum.

429 3341 726 3395 Omittatur
774 3361 893 3394 vero
943 3345 1318 3395 documentum
1369 3348 1899 3412 supra-memoratum
1947 3348 2004 3397 et
2051 3347 2165 3415 ejus
2213 3347 2328 3399 loco

431 3428 788 3478 substituatur
812 3428 958 3478 aliud
982 3429 1062 3478 ita
1086 3445 1399 3495 expressum.
1913 3424 1927 3431 ⁶

572 3515 660 3562 48.
710 3517 743 3543 ‘⁶
763 3513 997 3563 Vacante
1034 3514 1348 3564 canonicatu
1382 3518 1596 3582 propter
1618 3518 1862 3578 mortem,
1897 3516 2326 3584 resignationem,

429 3600 548 3658 etc„
578 3595 886 3663 Capitulum
914 3598 1191 3647 sessionem
1217 3598 1501 3648 solemnem
1525 3599 1716 3650 habuit
1740 3601 1893 3652 die...
1916 3618 2159 3652 mense...
2190 3604 2320 3654 18...
2413 3627 2415 3629 ·

431 3682 490 3732 in
515 3699 619 3749 qua
643 3686 764 3750 post
786 3682 1002 3733 missam
1028 3682 1093 3732 de
1119 3683 1312 3733 Sancto
1339 3682 1560 3750 Spiritu,
1579 3684 1735 3734 electi
1761 3685 1975 3737 fuerunt
2001 3685 2326 3738 Scrutatores
