2514 4504
447 372 572 434 360
1234 394 1473 437 Annmo
1516 394 1550 435 1.

443 540 476 567 “
493 538 785 602 steriorum,
836 538 1207 607 collegiorum,
1257 539 1550 602 domorum,
1611 546 1968 593 conventuum
2016 547 2072 594 et
2119 545 2342 595 ariorum

440 626 476 654 “
492 622 836 692 Regularium
861 623 1092 675 locorum
1117 623 1465 692 hujusmodi?
1485 622 1512 647 ”
1581 625 1748 692 Atqui
1787 626 1845 677 id
1869 625 2049 694 perfici
2073 627 2344 694 prohibuit

442 706 684 759 Urbanus
726 707 884 759 VIII.
927 724 1019 775 per
1063 706 1515 759 constitutionem
1564 707 1858 761 Romanus
1905 709 2189 779 Pontifex,
2237 712 2342 764 nisi

441 796 476 824 “
492 797 694 844 servata
719 793 777 842 in
802 793 1044 844 omnibus
1068 797 1124 844 et
1147 810 1240 860 per
1265 795 1443 846 omnia
1468 808 1728 846 sacrorum
1753 812 2014 847 canonum
2039 801 2095 847 et
2119 795 2344 848 Concilii

441 882 475 909 ‘⁶
490 876 787 929 Tridentini
812 877 1025 928 forma.''
1114 877 1203 930 Sic
1242 895 1410 930 unum
1443 883 1686 947 superest
1727 880 1793 932 de
1831 897 1935 948 quo
1960 881 2311 933 contendatur
2326 898 2349 943 3-

439 981 570 1015 num
617 964 788 1031 priore
835 980 936 1014 usu
983 967 1206 1027 retento,
1254 981 1390 1016 nova
1438 981 1594 1016 causa
1641 965 1727 1016 vel
1775 982 1900 1016 usus
1948 966 2111 1034 adjici
2153 965 2343 1018 valeat.

439 1050 588 1101 Tunc
611 1051 793 1100 autem
834 1049 1061 1117 pressius
1102 1067 1214 1101 rem
1256 1067 1441 1118 urgere
1483 1054 1691 1118 oportet
1715 1054 1771 1102 et
1806 1055 2049 1103 accurate
2073 1051 2345 1118 dispicere,

438 1140 623 1188 utrum
665 1152 727 1186 ea
767 1135 1010 1186 inductio
1034 1134 1252 1187 alterius
1266 1153 1392 1187 usus
1410 1137 1478 1187 ad
1492 1137 1794 1188 interiorem
1813 1137 2343 1200 administrationem,

438 1222 880 1290 disciplinamque
927 1221 1270 1272 domesticam
1319 1224 1538 1288 spectet,
1586 1221 1735 1272 velut
1797 1222 1841 1272 si
1894 1222 2202 1274 tirocinium
2238 1226 2345 1275 aut

438 1308 721 1376 collegium
746 1306 1043 1358 studiorum
1067 1323 1225 1358 causa
1241 1306 1539 1375 junioribus
1565 1306 1828 1358 sodalibus
1851 1307 1911 1357 in
1935 1308 2184 1359 coenobio
2221 1323 2345 1359 con·
2444 1359 2447 1362 .
2471 1319 2478 1338 ‘¹

438 1395 724 1454 stituatur3
762 1408 830 1443 an
853 1391 984 1443 fines
1008 1391 1270 1443 interioris
1306 1390 1783 1443 administrationis
1808 1392 1880 1444 sit
1902 1409 2188 1456 excessum,
2211 1397 2346 1462 puta

439 1479 484 1531 si
524 1478 662 1530 inibi
705 1476 880 1529 schola
921 1476 1019 1528 fiat
1066 1480 1163 1528 aut
1197 1476 1482 1546 collegium
1526 1477 1667 1544 quod
1704 1480 1889 1545 pateat
1931 1478 2097 1530 etiam
2140 1478 2343 1530 alienis.

439 1564 603 1617 Plane
629 1565 672 1615 si
697 1564 868 1615 dictos
909 1562 1040 1614 fines
1081 1563 1375 1625 excesserit,
1398 1579 1478 1613 res
1519 1563 1660 1614 redit
1683 1563 1752 1614 ad
1777 1563 2089 1616 alterutram
2114 1563 2344 1628 illarum,

438 1666 574 1719 quae
610 1667 642 1701 a
684 1648 959 1702 Bonifacio
1000 1647 1159 1699 VIII.
1203 1652 1259 1699 et
1303 1647 1514 1699 Urbano
1553 1647 1710 1700 VIII.
1753 1648 1868 1700 fieri
1909 1666 2004 1717 pro
2035 1649 2225 1714 lubit0,
2249 1665 2347 1702 ceu

438 1737 688 1798 diximus,
736 1733 1096 1802 prohibentur.
1217 1732 1313 1785 Sin
1361 1737 1542 1785 autem
1590 1733 1733 1785 intra
1780 1734 1982 1787 limites
2030 1735 2346 1787 domesticae

418 1819 750 1888 disciplinae
774 1818 1006 1890 mutatio
1029 1817 1380 1880 contineatur,
1396 1834 1487 1869 suo
1503 1821 1643 1869 certe
1652 1818 1775 1886 jure
1799 1819 2085 1889 Regulares
2103 1823 2345 1880 utentur3

437 1904 543 1956 nisi
586 1903 722 1954 forte
762 1901 904 1971 leges
947 1899 1276 1951 fundationis
1318 1899 1595 1951 obsistant.
1688 1900 1770 1952 Ex
1794 1902 1984 1969 quibus
2027 1901 2345 1971 singillatim

438 1988 702 2059 perpensis
741 1986 1025 2038 manifesto
1063 1984 1368 2053 colligitur:
1425 1984 1706 2056 Religiosis
1750 1987 2013 2039 sodalibus
2053 2003 2160 2038 non
2191 1986 2344 2057 licere

440 2092 501 2128 ea
524 2091 659 2143 quae
681 2072 935 2124 instituta
960 2074 1102 2133 sunt,
1126 2070 1185 2120 in
1209 2070 1341 2122 alios
1384 2088 1509 2122 usus
1551 2075 1849 2123 convertere
1887 2072 2086 2140 absque
2110 2087 2345 2140 expressa

437 2160 655 2212 licentia
680 2158 830 2209 Sedis
854 2155 1185 2224 Apostolicae
1209 2160 1266 2206 et
1305 2154 1572 2207 Ordinarii
1611 2156 1733 2220 loci,
1776 2157 1882 2208 nisi
1921 2162 2112 2228 agatur
2134 2157 2199 2209 de
2222 2173 2345 2208 con-

439 2246 689 2307 versione,
713 2259 862 2311 quae,
889 2242 1045 2293 salvis
1088 2241 1416 2292 fundationis
1440 2241 1662 2311 legibus,
1692 2243 1947 2294 referatur
1971 2244 2253 2295 dumtaxat
2274 2241 2344 2294 ad

438 2330 707 2382 internum
730 2326 966 2395 regimen
988 2328 1044 2375 et
1067 2324 1405 2391 disciplinam
1429 2324 1735 2392 regularem.

581 2413 737 2464 Nunc
776 2411 844 2462 ad
882 2409 1018 2460 illud
1055 2409 1419 2478 progredimur
1450 2411 1829 2462 controversiae
1861 2413 2041 2478 caput,
2065 2410 2125 2461 in
2148 2426 2253 2478 quo
2277 2409 2343 2462 dc

440 2496 815 2566 temporalibus
840 2495 1151 2546 missionum
1176 2495 1326 2545 bonis
1359 2495 1695 2562 disputatum
1735 2500 1831 2548 est.
1906 2497 1989 2548 Ex
2023 2495 2344 2548 liberalitate

439 2583 680 2635 fidelium
720 2598 781 2632 ea
818 2584 966 2648 parte
1004 2579 1141 2633 bona
1180 2583 1323 2643 sunt,
1361 2581 1455 2647 qui
1493 2598 1616 2631 cum
1655 2597 1748 2632 sua
1777 2585 1964 2649 sponte
1988 2585 2044 2632 ct
2067 2581 2343 2633 voluntate

441 2670 578 2721 dona
611 2667 923 2735 largiantur,
955 2664 1039 2715 vel
1075 2664 1281 2716 intuitu
1316 2665 1582 2717 missionis
1618 2666 1677 2717 id
1716 2667 1940 2728 faciunt,
1977 2666 2062 2718 vel
2100 2665 2212 2734 ejus
2249 2664 2343 2739 qui

440 2753 678 2805 missioni
716 2755 937 2819 praeest.
1011 2749 1045 2801 J
1047 2766 1134 2800 am
1174 2750 1215 2801 si
1258 2751 1522 2802 missionis
1560 2751 1770 2803 intuitu
1801 2752 2016 2804 donatio
2040 2751 2342 2821 contigerit,

440 2835 643 2904 ambigi
667 2834 815 2894 solet,
833 2849 902 2883 an
925 2832 1027 2882 viri
1050 2831 1282 2900 religiosi
1306 2832 1498 2899 quibus
1522 2834 1722 2884 donum
1747 2834 1818 2884 sit
1842 2834 2119 2896 traditum,
2136 2831 2341 2901 accepti

442 2923 498 2972 et
530 2918 742 2986 expensi
774 2917 1033 2968 rationem
1067 2917 1279 2968 reddere
1315 2917 1577 2985 Episcopo
1615 2922 1910 2970 teneantur.
1982 2918 2159 2987 Atque
2195 2915 2342 2969 istud

441 3003 657 3072 quidem
695 3001 809 3052 fieri
849 3006 1099 3068 oportere,
1134 3018 1337 3052 sacrum
1373 3000 1663 3053 Consilium
1687 3002 1972 3054 christiano
1995 3003 2199 3055 nomini
2223 3019 2342 3071 prof

440 3088 683 3157 pagando
702 3102 854 3154 super
871 3086 1032 3136 dubio
1050 3085 1318 3153 proposito
1341 3086 1409 3138 ob
1432 3088 1706 3139 missiones
1731 3087 2063 3139 Britannicas
2086 3088 2341 3156 religiosis

443 3171 726 3225 Ordinibus
760 3171 869 3221 sive
902 3169 1178 3222 Institutis
1212 3172 1513 3223 commissas
1545 3173 1630 3224 die
1653 3185 1758 3223 XIX
1781 3173 1977 3240 Aprilis
2001 3183 2340 3236 MDCCCLXIX,

440 3257 702 3325 rescripsit
743 3256 803 3305 in
843 3255 971 3306 hacc
1019 3255 1204 3308 verba:
1261 3261 1293 3287 ‘⁶
1316 3259 1367 3306 1Ο
1412 3258 1735 3310 Missionarii
1780 3260 2038 3328 regulares
2086 3260 2339 3310 bonorum

443 3347 476 3374 ‘⁶
492 3340 884 3409 temporalium,
922 3341 990 3391 ad
1028 3342 1167 3407 ipsos
1206 3357 1319 3409 qua
1356 3341 1635 3406 reyulares
1675 3345 2049 3411 spectantium,
2080 3343 2339 3394 rationem

444 3431 477 3458 “
493 3427 766 3495 Episcopis
789 3426 998 3476 reddere
1026 3436 1142 3499 non}
1168 3430 1429 3477 tenentur.
1524 3430 1579 3478 20
1617 3428 1814 3479 Eorum
1851 3433 2033 3479 tamen
2068 3429 2340 3491 bonorum,

443 3508 623 3577 “quae
640 3508 877 3559 missioni
895 3507 977 3558 vel
993 3505 1316 3577 regularibus
1335 3506 1558 3560 intuitu
1574 3508 1865 3562 missionis
1882 3511 2086 3562 tributa
2109 3511 2340 3571 fuerunt,

445 3598 478 3624 ‘⁴
495 3593 742 3661 Episcopi
768 3593 859 3659 jus
894 3592 1089 3643 habent
1118 3592 1185 3643 ab
1212 3593 1399 3644 iisdem
1433 3595 1772 3647 missionariis
1803 3596 2145 3664 regularibuS,
2173 3587 2338 3662 aeque
