2514 4504
908 483 1151 525 APPEND.
1200 483 1326 524 xm.
1936 470 2054 534 317

168 634 223 684 in
266 634 448 684 mixtis
491 631 753 700 conjugiis
797 630 1165 680 contrahendis
1209 630 1414 679 tolerari
1461 647 1607 697 posse
1652 631 1969 698 perhibetur,
2011 635 2063 683 id

167 721 343 765 tamen
382 715 591 764 nonnisi
631 730 724 780 per
762 712 980 761 modum
1021 712 1346 777 exceptionis
1383 712 1705 780 indulgetur,
1732 730 1791 763 ac
1826 715 1922 764 sub
1946 733 2066 765 con-

167 799 367 849 ditione
406 802 469 848 ut
510 796 704 848 omnia
743 813 954 858 rerum,
995 794 1242 846 locorum
1282 812 1345 846 ae
1375 812 1755 863 personarum
1799 797 2067 865 adjuncta

168 881 594 949 diliyentissime
648 879 1100 950 perpendantur,
1150 884 1314 949 atque
1376 886 1604 933 onerata.
1662 882 2068 952 Episcoporum

167 967 501 1023 eon-seientia
558 983 729 1036 super
786 965 1048 1018 omnium
1105 966 1665 1022 circumstantiarum
1724 971 1947 1023 veritate
2006 989 2069 1023 ac

164 1052 451 1121 yravitate.
526 1053 761 1103 Tantum
800 1053 949 1104 abest
988 1056 1052 1103 ut
1090 1053 1226 1104 inibi
1266 1055 1559 1121 principiis,
1589 1072 1722 1123 quae
1750 1056 1904 1108 Sedes
1930 1059 2069 1125 Apo-

169 1140 352 1192 stolica
387 1140 523 1190 circa
559 1140 730 1189 mixta
772 1139 1035 1189 connubia
1073 1140 1257 1207 quovis
1301 1145 1536 1207 tempore
1578 1142 1805 1208 professa
1847 1148 1943 1205 est,
1988 1143 2069 1193 vel

168 1226 452 1276 minimum
477 1223 799 1276 detrahatur.

312 1309 659 1371 Quamobrem
684 1310 837 1361 enixe
860 1314 985 1377 peto
1018 1326 1051 1360 a
1082 1310 1342 1361 charitate
1379 1315 1491 1374 tua,
1528 1314 1608 1374 ut,
1646 1317 1906 1380 quantum
1947 1331 2068 1364 cum

169 1397 395 1449 Domino
442 1396 656 1463 poteris,
698 1395 878 1446 fideles
926 1395 1030 1446 tibi
1074 1397 1376 1446 commissos
1421 1413 1452 1446 a
1494 1399 1676 1448 mixtis
1719 1400 2071 1449 matrimoniis

169 1481 537 1535 contrahendis
578 1497 748 1531 arcere
797 1484 1004 1548 satagas
1052 1484 1212 1548 atque
1262 1483 1563 1545 contendas,
1611 1500 1716 1550 quo
1764 1485 2070 1552 gravissima

168 1584 303 1637 quae
343 1567 401 1617 in
444 1567 510 1617 iis
551 1566 890 1616 continentur
930 1565 1163 1632 pericula
1204 1572 1613 1632 praecaveantur
1650 1584 1710 1618 ac
1749 1569 2068 1619 devitentur.

171 1654 236 1704 Id
260 1657 441 1704 autem
467 1651 675 1702 facilius
699 1651 1000 1717 assequeris,
1026 1651 1070 1700 si
1100 1667 1185 1701 eos
1219 1656 1513 1718 opportune
1553 1653 1885 1703 instruendos
1924 1671 2071 1703 cura-

169 1739 318 1801 veris,
368 1739 504 1787 circa
559 1736 876 1804 peculiarem
926 1753 1029 1803 qua
1078 1740 1325 1786 tenentur
1374 1736 1754 1804 obligationem
1807 1739 2070 1789 Ecclesiae

168 1841 350 1875 vocem
375 1824 471 1874 hac
497 1823 555 1872 in
579 1839 634 1873 re
662 1821 933 1884 audiendi,
957 1838 1053 1871 nec
1092 1838 1199 1871 non
1238 1822 1559 1889 obsequendi
1598 1824 1907 1890 praepositis
1947 1825 2071 1886 suiS,

168 1910 261 1978 qui
310 1908 699 1960 strictissimam
741 1911 951 1957 aeterno
995 1906 1274 1957 Pastorum
1318 1907 1555 1974 Principi
1598 1909 1855 1958 rationem
1900 1915 2070 1958 essent

168 1995 423 2047 reddituri
472 1994 517 2044 si
565 1992 906 2043 matrimonia
954 1993 1142 2056 mixta,
1190 2008 1297 2043 non
1345 1997 1560 2043 tantum
1616 1993 1682 2043 ob
1742 1995 2071 2061 gravissimas

170 2097 348 2132 causas
396 2079 680 2147 aliquando
727 2079 1114 2145 permitterent,
1163 2095 1344 2128 verum
1393 2078 1557 2127 etiam
1606 2078 1758 2128 facile
1800 2085 1960 2145 atque
2003 2078 2069 2127 ad

168 2165 468 2234 petentium
510 2164 730 2214 libitum
770 2179 804 2214 a
846 2161 1089 2213 fidelibus
1132 2163 1371 2212 contrahi
1415 2180 1536 2212 cum
1587 2162 1893 2213 acatholicis
1942 2163 2070 2212 tole-

169 2255 359 2303 rarent.

312 2337 501 2388 Precor
525 2336 698 2386 Deum
722 2338 787 2384 ut
810 2334 886 2384 Te
910 2334 1005 2384 diu
1030 2333 1281 2400 sospitem
1307 2339 1472 2383 servet
1497 2333 1934 2400 incolumemque.

311 2422 513 2472 Datum
550 2420 749 2471 Romae
784 2435 849 2470 ex
883 2418 1014 2469 Aed.
1050 2416 1103 2469 S.
1139 2416 1197 2469 O.
1223 2419 1289 2468 de
1314 2418 1468 2485 Prop.
1496 2418 1632 2469 Fide
1657 2419 1744 2469 die
1769 2422 1836 2469 25
1864 2419 2069 2482 Martii,

176 2507 329 2558 1868.

1176 2614 1286 2666 AL.
1326 2613 1530 2666 CARD.
1571 2615 1925 2677 BARNABO,

1566 2726 1842 2785 Praefectus.

1277 2872 1313 2924 J
1315 2884 1529 2923 oANNFs
1565 2871 1821 2932 Smsom,
1855 2870 1996 2922 δεον.

175 3074 239 3126 R.
264 3074 328 3131 P.
352 3074 416 3125 D.
442 3072 684 3141 Archiep.
710 3067 1272 3121 westmonasteriensi.
