2514 4504
823 901 1546 985 ADDITIONES.

1162 1191 1216 1255 I.

687 1376 1114 1426 SANCTISSIMI
1149 1378 1401 1427 DOMINI
1436 1379 1681 1429 NOSTRI

369 1499 636 1555 LEONIS
686 1501 947 1553 DIVINA
995 1503 1494 1557 PROVIDENTIA
1544 1507 1777 1558 PAPAE
1828 1508 1988 1559 XIII.

962 1637 1400 1686 CONSTITUTIO

240 1748 333 1786 nUA
354 1749 608 1782 NONNULLA
631 1750 1081 1784 CONTROVERSIARUM
1105 1753 1268 1784 CAPITA
1291 1753 1437 1785 INTER
1459 1753 1697 1786 EPISCOPOS
1719 1755 1774 1786 ΕΤ
1798 1755 2121 1788 MISSIONARIOS

603 1836 876 1871 REGULARES
897 1839 1105 1871 ANGLIAE
1126 1839 1184 1870 ΕΤ
1208 1839 1393 1870 SCOTIAE
1416 1839 1756 1872 DEFINIUNTUR.

823 2063 992 2126 LEO
1053 2062 1528 2125 EPISCOPUS

576 2210 944 2265 SERVUS
1019 2211 1544 2263 SERVORUM
1619 2213 1780 2264 DEI

713 2353 791 2393 AD
825 2353 1159 2394 PERPETUAM
1195 2355 1287 2393 REI
1324 2354 1643 2393 MEMORIAM.

365 2476 630 2528 Romanos
655 2477 941 2528 Pontifices
965 2476 1263 2529 Decessores
1288 2477 1503 2529 Nostros
1528 2482 1745 2545 patemo
1771 2495 1972 2545 semper
1996 2479 2125 2529 cari-

224 2563 353 2613 tatis
385 2562 582 2614 affectu
615 2563 872 2631 inclytam
897 2563 1190 2631 Anglorum
1215 2567 1430 2631 gentem
1456 2564 1661 2626 fovisse,
1687 2568 1742 2615 et
1766 2564 2124 2614 monumentis

219 2649 330 2699 suis
353 2650 582 2699 testatur
606 2648 843 2713 historia,
869 2653 924 2700 et
948 2649 1116 2700 felicis
1141 2649 1512 2699 recordationis
1544 2649 1674 2700 Pius
1700 2649 1798 2700 IX.
1824 2651 1880 2699 in
1907 2649 2124 2699 Litteris

231 2731 571 2785 Universalis
611 2732 885 2786 Ecclesiae
924 2746 991 2784 ΙΙΙ
1031 2734 1243 2785 kalend.
1284 2733 1524 2785 Octobris
1556 2750 1693 2784 anno
1741 2734 2123 2784 Incarnationis

222 2814 532 2868 Dominicae
581 2829 801 2869 MDCOCL
850 2818 1007 2876 datis,
1057 2816 1288 2885 graviter
1350 2833 1410 2866 ac
1474 2817 1664 2867 diserte
1728 2816 2120 2869 demonstravit.

223 2899 399 2961 Quum
440 2906 622 2954 autem
664 2919 756 2970 per
799 2918 884 2953 eas
926 2902 1157 2953 Litteras
1200 2901 1550 2969 episcopalem
1592 2901 1937 2951 hierarchiam
1979 2901 2120 2951 idem

221 2985 469 3039 Pontifex
530 2988 671 3040 inter
731 2988 931 3057 Anglos
991 2988 1307 3051 restitueret,
1365 2987 1659 3038 cumulavit
1721 2987 2121 3054 quodammodo,

220 3076 477 3138 quantam
519 3076 819 3141 temporum
859 3072 996 3124 ratio
1040 3072 1261 3135 sinebat,
1305 3087 1367 3122 ea
1408 3071 1682 3122 benefacta
1725 3072 1915 3138 quibus
1958 3072 2122 3138 Apos-

220 3157 382 3208 tolica
407 3156 566 3209 Sedes
589 3160 864 3211 nationem
894 3159 1043 3210 illam
1076 3158 1249 3209 fuerat
1281 3160 1614 3225 prosequuta.
1689 3155 1771 3206 Ex
1804 3156 2118 3207 dioecesium

220 3243 364 3293 enim
413 3244 748 3296 restitutione
796 3261 914 3313 pars
963 3244 1057 3295 illa
1100 3243 1356 3294 dominici
1399 3242 1572 3311 gregis
1614 3241 1681 3291 ad
1723 3243 1936 3308 nuptias
1979 3242 2118 3309 Agni

218 3327 455 3379 caelestis
469 3328 587 3396 jam
611 3334 814 3393 vocata,
838 3347 899 3381 ac
922 3331 1147 3399 mystico
1188 3330 1319 3397 Ejus
1357 3328 1557 3396 corpori
1596 3328 1809 3388 sociata,
1834 3326 2117 3393 pleniorem

218 3413 458 3464 veritatis
506 3418 663 3482 atque
712 3415 910 3466 ordinis
957 3415 1270 3465 firmitatem
1309 3430 1400 3481 per
1445 3413 1819 3480 Episcoporum
1864 3411 2117 3478 guberna-

218 3498 419 3548 tionem
445 3503 501 3550 et
524 3500 762 3569 regimen
785 3517 959 3551 rursus
984 3501 1177 3567 adepta
1207 3504 1302 3551 est.
1377 3495 1646 3567 Episcopi
1679 3494 1905 3564 quippe,
1940 3495 2116 3561 inquit

196 3580 272 3638 S.
322 3583 606 3647 benacus,l
664 3584 1058 3639 successionem
1114 3584 1309 3637 habent
1366 3582 1433 3635 ab
1491 3579 1789 3651 Apostolis,
1838 3577 1939 3646 qui
1986 3595 2115 3630 oum

753 3737 773 3762 ²
795 3740 900 3783 Δεῖν.
926 3740 1031 3780 haer.
1055 3738 1128 3779 lib.
1153 3739 1251 3788 IV.‚
1275 3751 1362 3791 cap.
1389 3741 1452 3788 26,
1473 3750 1517 3777 n.
1543 3740 1580 3776 2.
