<?xml version="1.0" encoding="UTF-8"?>
<!DOCTYPE html PUBLIC "-//W3C//DTD XHTML 1.0 Transitional//EN"
    "http://www.w3.org/TR/xhtml1/DTD/xhtml1-transitional.dtd">
<html xmlns="http://www.w3.org/1999/xhtml" xml:lang="en" lang="en">
 <head>
  <title>
</title>
<meta http-equiv="Content-Type" content="text/html;charset=utf-8" />
  <meta name='ocr-system' content='tesseract 3.04.00' />
  <meta name='ocr-capabilities' content='ocr_page ocr_carea ocr_par ocr_line ocrx_word'/>
</head>
<body>
  <div class='ocr_page' id='page_1' title='image "a613743300cathuoft_0355.png"; bbox 0 0 2514 4504; ppageno 0'>
   <div class='ocr_carea' id='block_1_1' title="bbox 917 439 2066 501">
    <p class='ocr_par' dir='ltr' id='par_1_1' title="bbox 917 439 2066 501">
     <span class='ocr_line' id='line_1_1' title="bbox 917 439 2066 501; baseline 0.003 -8"><span class='ocrx_word' id='word_1_1' title='bbox 917 451 1159 493; x_wconf 80' lang='lat' dir='ltr'><strong>APPEND.</strong></span> <span class='ocrx_word' id='word_1_2' title='bbox 1208 452 1328 493; x_wconf 82' lang='lat' dir='ltr'>xlx.</span> <span class='ocrx_word' id='word_1_3' title='bbox 1948 439 2066 501; x_wconf 89' lang='lat'>337</span> 
     </span>
    </p>
   </div>
   <div class='ocr_carea' id='block_1_2' title="bbox 167 599 2074 661">
    <p class='ocr_par' dir='ltr' id='par_1_2' title="bbox 167 599 2074 661">
     <span class='ocr_line' id='line_1_2' title="bbox 167 599 2074 661; baseline 0.002 -9"><span class='ocrx_word' id='word_1_4' title='bbox 167 600 501 652; x_wconf 81' lang='lat' dir='ltr'>reconciliato</span> <span class='ocrx_word' id='word_1_5' title='bbox 526 601 582 651; x_wconf 91' lang='lat' dir='ltr'>in</span> <span class='ocrx_word' id='word_1_6' title='bbox 609 600 663 651; x_wconf 82' lang='lat' dir='ltr'>S.</span> <span class='ocrx_word' id='word_1_7' title='bbox 692 599 752 652; x_wconf 88' lang='lat' dir='ltr'>O.</span> <span class='ocrx_word' id='word_1_8' title='bbox 781 600 1021 661; x_wconf 86' lang='lat' dir='ltr'>Parmae,</span> <span class='ocrx_word' id='word_1_9' title='bbox 1046 608 1101 651; x_wconf 74' lang='lat' dir='ltr'>et</span> <span class='ocrx_word' id='word_1_10' title='bbox 1127 601 1265 651; x_wconf 90' lang='lat' dir='ltr'>circa</span> <span class='ocrx_word' id='word_1_11' title='bbox 1302 602 1578 652; x_wconf 88' lang='lat' dir='ltr'>nonnullos</span> <span class='ocrx_word' id='word_1_12' title='bbox 1617 619 1804 653; x_wconf 86' lang='lat' dir='ltr'>errores</span> <span class='ocrx_word' id='word_1_13' title='bbox 1843 605 2074 656; x_wconf 75' lang='lat' dir='ltr'>detectos</span> 
     </span>
    </p>
   </div>
   <div class='ocr_carea' id='block_1_3' title="bbox 166 692 2076 1619">
    <p class='ocr_par' dir='ltr' id='par_1_3' title="bbox 167 692 2076 1019">
     <span class='ocr_line' id='line_1_3' title="bbox 167 692 2073 762; baseline 0.001 -17"><span class='ocrx_word' id='word_1_14' title='bbox 167 695 226 745; x_wconf 89' lang='lat' dir='ltr'>in</span> <span class='ocrx_word' id='word_1_15' title='bbox 251 694 364 762; x_wconf 92' lang='lat' dir='ltr'>ejus</span> <span class='ocrx_word' id='word_1_16' title='bbox 389 692 685 761; x_wconf 70' lang='lat' dir='ltr'>Baptismo,</span> <span class='ocrx_word' id='word_1_17' title='bbox 711 709 780 743; x_wconf 91' lang='lat' dir='ltr'>an</span> <span class='ocrx_word' id='word_1_18' title='bbox 811 692 914 760; x_wconf 88' lang='lat' dir='ltr'>ipsi</span> <span class='ocrx_word' id='word_1_19' title='bbox 949 693 1267 743; x_wconf 89' lang='lat' dir='ltr'>credendum</span> <span class='ocrx_word' id='word_1_20' title='bbox 1302 694 1372 743; x_wconf 82' lang='lat' dir='ltr'>sit</span> <span class='ocrx_word' id='word_1_21' title='bbox 1406 694 1542 744; x_wconf 88' lang='lat' dir='ltr'>circa</span> <span class='ocrx_word' id='word_1_22' title='bbox 1576 711 1637 745; x_wconf 88' lang='lat' dir='ltr'>ea</span> <span class='ocrx_word' id='word_1_23' title='bbox 1670 712 1805 762; x_wconf 86' lang='lat' dir='ltr'>quae</span> <span class='ocrx_word' id='word_1_24' title='bbox 1839 704 2073 759; x_wconf 69' lang='lat' dir='ltr'>enarrat3</span> 
     </span>
     <span class='ocr_line' id='line_1_4' title="bbox 168 778 2076 848; baseline 0.001 -17"><span class='ocrx_word' id='word_1_25' title='bbox 168 784 224 831; x_wconf 73' lang='lat' dir='ltr'>et</span> <span class='ocrx_word' id='word_1_26' title='bbox 247 784 507 848; x_wconf 73' lang='lat' dir='ltr'>quatenus</span> <span class='ocrx_word' id='word_1_27' title='bbox 537 778 868 842; x_wconf 75' lang='lat' dir='ltr'>affirmative,</span> <span class='ocrx_word' id='word_1_28' title='bbox 893 782 1013 829; x_wconf 76' lang='lat' dir='ltr'>tum</span> <span class='ocrx_word' id='word_1_29' title='bbox 1050 778 1217 846; x_wconf 88' lang='lat' dir='ltr'>ipsius</span> <span class='ocrx_word' id='word_1_30' title='bbox 1252 779 1431 842; x_wconf 84' lang='lat' dir='ltr'>saluti,</span> <span class='ocrx_word' id='word_1_31' title='bbox 1458 784 1575 830; x_wconf 79' lang='lat' dir='ltr'>tum</span> <span class='ocrx_word' id='word_1_32' title='bbox 1608 782 1771 831; x_wconf 84' lang='lat' dir='ltr'>etiam</span> <span class='ocrx_word' id='word_1_33' title='bbox 1806 787 1868 831; x_wconf 78' lang='lat' dir='ltr'>ut</span> <span class='ocrx_word' id='word_1_34' title='bbox 1905 788 2076 832; x_wconf 83' lang='lat' dir='ltr'>caete-</span> 
     </span>
     <span class='ocr_line' id='line_1_5' title="bbox 167 864 2075 936; baseline 0.001 -20"><span class='ocrx_word' id='word_1_35' title='bbox 167 883 341 917; x_wconf 87' lang='lat' dir='ltr'>rorum</span> <span class='ocrx_word' id='word_1_36' title='bbox 366 865 512 916; x_wconf 85' lang='lat' dir='ltr'>illius</span> <span class='ocrx_word' id='word_1_37' title='bbox 538 869 708 916; x_wconf 70' lang='lat' dir='ltr'>sectae</span> <span class='ocrx_word' id='word_1_38' title='bbox 734 882 825 915; x_wconf 88' lang='lat' dir='ltr'>seu</span> <span class='ocrx_word' id='word_1_39' title='bbox 851 864 1122 933; x_wconf 83' lang='lat' dir='ltr'>RegioniS‚</span> <span class='ocrx_word' id='word_1_40' title='bbox 1147 866 1452 932; x_wconf 84' lang='lat' dir='ltr'>praesertim</span> <span class='ocrx_word' id='word_1_41' title='bbox 1473 866 1516 915; x_wconf 91' lang='lat' dir='ltr'>si</span> <span class='ocrx_word' id='word_1_42' title='bbox 1538 866 1731 917; x_wconf 83' lang='lat' dir='ltr'>fuerint</span> <span class='ocrx_word' id='word_1_43' title='bbox 1759 868 2075 936; x_wconf 66' lang='lat' dir='ltr'>ignoranteS,</span> 
     </span>
     <span class='ocr_line' id='line_1_6' title="bbox 168 951 965 1019; baseline -0.003 -16"><span class='ocrx_word' id='word_1_44' title='bbox 168 952 328 1003; x_wconf 74' lang='lat' dir='ltr'>saluti</span> <span class='ocrx_word' id='word_1_45' title='bbox 352 953 550 1019; x_wconf 76' lang='lat' dir='ltr'>pariter</span> <span class='ocrx_word' id='word_1_46' title='bbox 574 951 965 1014; x_wconf 73' lang='lat' dir='ltr'>consulatur,—</span> 
     </span>
    </p>

    <p class='ocr_par' dir='ltr' id='par_1_4' title="bbox 166 1037 2076 1450">
     <span class='ocr_line' id='line_1_7' title="bbox 312 1037 2076 1107; baseline 0.001 -19"><span class='ocrx_word' id='word_1_47' title='bbox 312 1037 607 1101; x_wconf 80' lang='lat' dir='ltr'>Quaeritur,</span> <span class='ocrx_word' id='word_1_48' title='bbox 633 1054 701 1088; x_wconf 89' lang='lat' dir='ltr'>an</span> <span class='ocrx_word' id='word_1_49' title='bbox 727 1038 904 1088; x_wconf 84' lang='lat' dir='ltr'>dictus</span> <span class='ocrx_word' id='word_1_50' title='bbox 929 1037 1274 1106; x_wconf 89' lang='lat' dir='ltr'>Wipperman</span> <span class='ocrx_word' id='word_1_51' title='bbox 1309 1038 1380 1088; x_wconf 74' lang='lat' dir='ltr'>sit</span> <span class='ocrx_word' id='word_1_52' title='bbox 1416 1038 1835 1105; x_wconf 77' lang='lat' dir='ltr'>rebaptizanduS,</span> <span class='ocrx_word' id='word_1_53' title='bbox 1862 1044 1915 1089; x_wconf 81' lang='lat' dir='ltr'>et</span> <span class='ocrx_word' id='word_1_54' title='bbox 1949 1057 2076 1107; x_wconf 82' lang='lat' dir='ltr'>qua-</span> 
     </span>
     <span class='ocr_line' id='line_1_8' title="bbox 167 1125 2075 1194; baseline 0 -16"><span class='ocrx_word' id='word_1_55' title='bbox 167 1131 320 1178; x_wconf 82' lang='lat' dir='ltr'><strong>tenus</strong></span> <span class='ocrx_word' id='word_1_56' title='bbox 354 1126 685 1189; x_wconf 76' lang='lat' dir='ltr'>affirmative,</span> <span class='ocrx_word' id='word_1_57' title='bbox 711 1142 780 1176; x_wconf 91' lang='lat' dir='ltr'>an</span> <span class='ocrx_word' id='word_1_58' title='bbox 812 1125 1051 1176; x_wconf 70' lang='lat' dir='ltr'>absolute</span> <span class='ocrx_word' id='word_1_59' title='bbox 1092 1126 1176 1176; x_wconf 90' lang='lat' dir='ltr'>vel</span> <span class='ocrx_word' id='word_1_60' title='bbox 1216 1126 1313 1176; x_wconf 91' lang='lat' dir='ltr'>sub</span> <span class='ocrx_word' id='word_1_61' title='bbox 1356 1126 1691 1187; x_wconf 85' lang='lat' dir='ltr'>conditionc;</span> <span class='ocrx_word' id='word_1_62' title='bbox 1729 1133 1783 1177; x_wconf 78' lang='lat' dir='ltr'>et</span> <span class='ocrx_word' id='word_1_63' title='bbox 1817 1135 2075 1194; x_wconf 73' lang='lat' dir='ltr'>quatenus</span> 
     </span>
     <span class='ocr_line' id='line_1_9' title="bbox 166 1210 2075 1279; baseline 0.001 -17"><span class='ocrx_word' id='word_1_64' title='bbox 166 1211 497 1274; x_wconf 79' lang='lat' dir='ltr'>affirmative,</span> <span class='ocrx_word' id='word_1_65' title='bbox 546 1228 615 1261; x_wconf 88' lang='lat' dir='ltr'>an</span> <span class='ocrx_word' id='word_1_66' title='bbox 676 1215 920 1262; x_wconf 75' lang='lat' dir='ltr'>‘teneatur</span> <span class='ocrx_word' id='word_1_67' title='bbox 969 1210 1211 1262; x_wconf 75' lang='lat' dir='ltr'>confiteri</span> <span class='ocrx_word' id='word_1_68' title='bbox 1259 1212 1439 1261; x_wconf 89' lang='lat' dir='ltr'>omnia</span> <span class='ocrx_word' id='word_1_69' title='bbox 1488 1217 1704 1278; x_wconf 84' lang='lat' dir='ltr'>peccata</span> <span class='ocrx_word' id='word_1_70' title='bbox 1765 1214 2075 1279; x_wconf 69' lang='lat' dir='ltr'>praeteritae</span> 
     </span>
     <span class='ocr_line' id='line_1_10' title="bbox 167 1297 2076 1365; baseline 0 -17"><span class='ocrx_word' id='word_1_71' title='bbox 167 1300 339 1359; x_wconf 82' lang='lat' dir='ltr'>vitae3</span> <span class='ocrx_word' id='word_1_72' title='bbox 390 1302 446 1348; x_wconf 74' lang='lat' dir='ltr'>et</span> <span class='ocrx_word' id='word_1_73' title='bbox 487 1302 747 1365; x_wconf 79' lang='lat' dir='ltr'>quatenus</span> <span class='ocrx_word' id='word_1_74' title='bbox 790 1297 1123 1360; x_wconf 76' lang='lat' dir='ltr'>affirmative,</span> <span class='ocrx_word' id='word_1_75' title='bbox 1160 1314 1229 1347; x_wconf 91' lang='lat' dir='ltr'>an</span> <span class='ocrx_word' id='word_1_76' title='bbox 1270 1297 1523 1347; x_wconf 90' lang='lat' dir='ltr'>confessio</span> <span class='ocrx_word' id='word_1_77' title='bbox 1573 1298 1938 1364; x_wconf 68' lang='lat' dir='ltr'>praeponenda</span> <span class='ocrx_word' id='word_1_78' title='bbox 1989 1299 2076 1361; x_wconf 84' lang='lat' dir='ltr'>sit,</span> 
     </span>
     <span class='ocr_line' id='line_1_11' title="bbox 167 1382 1738 1450; baseline 0 -17"><span class='ocrx_word' id='word_1_79' title='bbox 167 1382 250 1434; x_wconf 90' lang='lat' dir='ltr'>vel</span> <span class='ocrx_word' id='word_1_80' title='bbox 274 1383 636 1450; x_wconf 81' lang='lat' dir='ltr'>postponenda</span> <span class='ocrx_word' id='word_1_81' title='bbox 663 1382 938 1450; x_wconf 79' lang='lat' dir='ltr'>Baptismo</span> <span class='ocrx_word' id='word_1_82' title='bbox 964 1382 1274 1433; x_wconf 89' lang='lat' dir='ltr'>conferendo</span> <span class='ocrx_word' id='word_1_83' title='bbox 1301 1382 1396 1433; x_wconf 91' lang='lat' dir='ltr'>sub</span> <span class='ocrx_word' id='word_1_84' title='bbox 1421 1383 1738 1434; x_wconf 82' lang='lat' dir='ltr'>conditione.</span> 
     </span>
    </p>

    <p class='ocr_par' dir='ltr' id='par_1_5' title="bbox 167 1464 2076 1619">
     <span class='ocr_line' id='line_1_12' title="bbox 312 1464 2075 1517; baseline 0.001 -2"><span class='ocrx_word' id='word_1_85' title='bbox 312 1464 524 1516; x_wconf 87' lang='lat' dir='ltr'>SSmus.</span> <span class='ocrx_word' id='word_1_86' title='bbox 546 1466 746 1515; x_wconf 75' lang='lat' dir='ltr'>auditis</span> <span class='ocrx_word' id='word_1_87' title='bbox 767 1466 902 1516; x_wconf 74' lang='lat' dir='ltr'>votis</span> <span class='ocrx_word' id='word_1_88' title='bbox 929 1465 1200 1516; x_wconf 88' lang='lat' dir='ltr'>Emorum.</span> <span class='ocrx_word' id='word_1_89' title='bbox 1222 1465 1386 1517; x_wconf 73' lang='lat' dir='ltr'>dixit:</span> <span class='ocrx_word' id='word_1_90' title='bbox 1415 1464 1658 1516; x_wconf 87' lang='lat' dir='ltr'>Carolum</span> <span class='ocrx_word' id='word_1_91' title='bbox 1681 1465 2075 1517; x_wconf 82' lang='lat' dir='ltr'>Ferdinandum</span> 
     </span>
     <span class='ocr_line' id='line_1_13' title="bbox 167 1551 2076 1619; baseline 0.001 -17"><span class='ocrx_word' id='word_1_92' title='bbox 167 1569 275 1603; x_wconf 90' lang='lat' dir='ltr'>esse</span> <span class='ocrx_word' id='word_1_93' title='bbox 317 1552 750 1619; x_wconf 82' lang='lat' dir='ltr'>rebaptizandum</span> <span class='ocrx_word' id='word_1_94' title='bbox 795 1552 891 1602; x_wconf 90' lang='lat' dir='ltr'>sub</span> <span class='ocrx_word' id='word_1_95' title='bbox 934 1551 1237 1602; x_wconf 80' lang='lat' dir='ltr'>conditione</span> <span class='ocrx_word' id='word_1_96' title='bbox 1255 1569 1268 1612; x_wconf 93' lang='lat'>;</span> <span class='ocrx_word' id='word_1_97' title='bbox 1319 1556 1374 1602; x_wconf 72' lang='lat' dir='ltr'>et</span> <span class='ocrx_word' id='word_1_98' title='bbox 1416 1551 1609 1603; x_wconf 78' lang='lat' dir='ltr'>collato</span> <span class='ocrx_word' id='word_1_99' title='bbox 1650 1551 1925 1619; x_wconf 79' lang='lat' dir='ltr'>Baptismo</span> <span class='ocrx_word' id='word_1_100' title='bbox 1965 1553 2076 1619; x_wconf 85' lang='lat' dir='ltr'>ejus</span> 
     </span>
    </p>
   </div>
   <div class='ocr_carea' id='block_1_4' title="bbox 165 1636 2075 1772">
    <p class='ocr_par' dir='ltr' id='par_1_6' title="bbox 165 1636 2075 1772">
     <span class='ocr_line' id='line_1_14' title="bbox 165 1636 2075 1707; baseline 0 -19"><span class='ocrx_word' id='word_1_101' title='bbox 165 1639 479 1706; x_wconf 79' lang='lat' dir='ltr'>praeteritae</span> <span class='ocrx_word' id='word_1_102' title='bbox 515 1639 657 1690; x_wconf 80' lang='lat' dir='ltr'>vitae</span> <span class='ocrx_word' id='word_1_103' title='bbox 693 1642 911 1707; x_wconf 75' lang='lat' dir='ltr'>peccata</span> <span class='ocrx_word' id='word_1_104' title='bbox 948 1636 1282 1701; x_wconf 78' lang='lat' dir='ltr'>confiteatur,</span> <span class='ocrx_word' id='word_1_105' title='bbox 1319 1642 1375 1688; x_wconf 77' lang='lat' dir='ltr'>et</span> <span class='ocrx_word' id='word_1_106' title='bbox 1418 1638 1485 1688; x_wconf 91' lang='lat' dir='ltr'>ab</span> <span class='ocrx_word' id='word_1_107' title='bbox 1523 1638 1591 1688; x_wconf 88' lang='lat' dir='ltr'>iis</span> <span class='ocrx_word' id='word_1_108' title='bbox 1635 1638 1732 1689; x_wconf 87' lang='lat' dir='ltr'>sub</span> <span class='ocrx_word' id='word_1_109' title='bbox 1775 1638 2075 1689; x_wconf 81' lang='lat' dir='ltr'>conditione</span> 
     </span>
     <span class='ocr_line' id='line_1_15' title="bbox 167 1720 481 1772; baseline -0.003 0"><span class='ocrx_word' id='word_1_110' title='bbox 167 1720 481 1772; x_wconf 75' lang='lat' dir='ltr'><strong>absolvatur.</strong></span> 
     </span>
    </p>
   </div>
   <div class='ocr_carea' id='block_1_5' title="bbox 310 1806 2072 1981">
    <p class='ocr_par' dir='ltr' id='par_1_7' title="bbox 310 1806 2072 1981">
     <span class='ocr_line' id='line_1_16' title="bbox 310 1806 1709 1876; baseline 0 -20"><span class='ocrx_word' id='word_1_111' title='bbox 310 1806 558 1857; x_wconf 77' lang='lat' dir='ltr'>Praesens</span> <span class='ocrx_word' id='word_1_112' title='bbox 582 1806 853 1857; x_wconf 73' lang='lat' dir='ltr'>decretum</span> <span class='ocrx_word' id='word_1_113' title='bbox 878 1806 1158 1856; x_wconf 78' lang='lat' dir='ltr'>concordat</span> <span class='ocrx_word' id='word_1_114' title='bbox 1182 1823 1306 1855; x_wconf 86' lang='lat' dir='ltr'>curn</span> <span class='ocrx_word' id='word_1_115' title='bbox 1332 1823 1422 1857; x_wconf 90' lang='lat' dir='ltr'>suo</span> <span class='ocrx_word' id='word_1_116' title='bbox 1447 1806 1709 1876; x_wconf 76' lang='lat' dir='ltr'>originali,</span> 
     </span>
     <span class='ocr_line' id='line_1_17' title="bbox 377 1913 2072 1981; baseline -0.001 -13"><span class='ocrx_word' id='word_1_117' title='bbox 377 1917 465 1968; x_wconf 72' lang='lat' dir='ltr'>Ita</span> <span class='ocrx_word' id='word_1_118' title='bbox 490 1921 588 1981; x_wconf 80' lang='lat' dir='ltr'>est,</span> <span class='ocrx_word' id='word_1_119' title='bbox 612 1917 710 1968; x_wconf 93' lang='lat' dir='ltr'>AN</span> <span class='ocrx_word' id='word_1_120' title='bbox 715 1915 955 1969; x_wconf 81' lang='lat' dir='ltr'>GELUS</span> <span class='ocrx_word' id='word_1_121' title='bbox 992 1915 1337 1979; x_wconf 86' lang='lat' dir='ltr'>ARGENTI,</span> <span class='ocrx_word' id='word_1_122' title='bbox 1365 1913 1421 1967; x_wconf 80' lang='lat' dir='ltr'>S.</span> <span class='ocrx_word' id='word_1_123' title='bbox 1448 1915 1517 1968; x_wconf 88' lang='lat' dir='ltr'>R.</span> <span class='ocrx_word' id='word_1_124' title='bbox 1544 1919 1594 1968; x_wconf 78' lang='lat' dir='ltr'>et</span> <span class='ocrx_word' id='word_1_125' title='bbox 1625 1914 1686 1968; x_wconf 88' lang='lat' dir='ltr'>U.</span> <span class='ocrx_word' id='word_1_126' title='bbox 1711 1914 1760 1968; x_wconf 88' lang='lat' dir='ltr'>I.</span> <span class='ocrx_word' id='word_1_127' title='bbox 1786 1913 2072 1968; x_wconf 75' lang='lat' dir='ltr'>Notarius.</span> 
     </span>
    </p>
   </div>
   <div class='ocr_carea' id='block_1_6' title="bbox 166 2028 405 2101">
    <p class='ocr_par' dir='ltr' id='par_1_8' title="bbox 166 2028 405 2101">
     <span class='ocr_line' id='line_1_18' title="bbox 166 2028 405 2101; baseline 0.004 -20"><span class='ocrx_word' id='word_1_128' title='bbox 166 2028 405 2101; x_wconf 71' lang='lat' dir='ltr'>L.&gt;1‹s</span> 
     </span>
    </p>
   </div>
   <div class='ocr_carea' id='block_1_7' title="bbox 1026 2536 1215 2597">
    <p class='ocr_par' dir='ltr' id='par_1_9' title="bbox 1026 2536 1215 2597">
     <span class='ocr_line' id='line_1_19' title="bbox 1026 2536 1215 2597; baseline 0 0"><span class='ocrx_word' id='word_1_129' title='bbox 1026 2536 1215 2597; x_wconf 91' lang='lat' dir='ltr'>XIX.</span> 
     </span>
    </p>
   </div>
   <div class='ocr_carea' id='block_1_8' title="bbox 354 2701 1883 2878">
    <p class='ocr_par' dir='ltr' id='par_1_10' title="bbox 354 2701 1883 2878">
     <span class='ocr_line' id='line_1_20' title="bbox 577 2701 1658 2754; baseline 0.002 -2"><span class='ocrx_word' id='word_1_130' title='bbox 577 2702 675 2752; x_wconf 89' lang='lat' dir='ltr'>DE</span> <span class='ocrx_word' id='word_1_131' title='bbox 726 2701 1245 2754; x_wconf 82' lang='lat' dir='ltr'>SOCIETATIBUS</span> <span class='ocrx_word' id='word_1_132' title='bbox 1297 2702 1658 2754; x_wconf 84' lang='lat' dir='ltr'>SECRETIS.</span> 
     </span>
     <span class='ocr_line' id='line_1_21' title="bbox 354 2828 1883 2878; baseline -0.001 -1"><span class='ocrx_word' id='word_1_133' title='bbox 354 2828 438 2877; x_wconf 79' lang='lat' dir='ltr'>Ss.</span> <span class='ocrx_word' id='word_1_134' title='bbox 486 2828 741 2876; x_wconf 87' lang='lat' dir='ltr'>DOMINI</span> <span class='ocrx_word' id='word_1_135' title='bbox 785 2829 1031 2876; x_wconf 83' lang='lat' dir='ltr'><strong>NOSTRI</strong></span> <span class='ocrx_word' id='word_1_136' title='bbox 1077 2830 1175 2876; x_wconf 84' lang='lat' dir='ltr'>PH</span> <span class='ocrx_word' id='word_1_137' title='bbox 1222 2830 1314 2876; x_wconf 87' lang='lat' dir='ltr'>PP.</span> <span class='ocrx_word' id='word_1_138' title='bbox 1366 2829 1463 2876; x_wconf 92' lang='lat' dir='ltr'>IX.</span> <span class='ocrx_word' id='word_1_139' title='bbox 1512 2830 1883 2878; x_wconf 87' lang='lat' dir='ltr'>ALLOCUTIO</span> 
     </span>
    </p>
   </div>
   <div class='ocr_carea' id='block_1_9' title="bbox 631 2962 1606 3002">
    <p class='ocr_par' dir='ltr' id='par_1_11' title="bbox 631 2962 1606 3002">
     <span class='ocr_line' id='line_1_22' title="bbox 631 2962 1606 3002; baseline 0.001 -1"><span class='ocrx_word' id='word_1_140' title='bbox 631 2962 839 3002; x_wconf 87' lang='lat' dir='ltr'><strong>HABITA</strong></span> <span class='ocrx_word' id='word_1_141' title='bbox 879 2965 939 3002; x_wconf 94' lang='lat' dir='ltr'>IN</span> <span class='ocrx_word' id='word_1_142' title='bbox 980 2964 1330 3002; x_wconf 84' lang='lat' dir='ltr'>CONSISTORIO</span> <span class='ocrx_word' id='word_1_143' title='bbox 1372 2963 1606 3002; x_wconf 72' lang='lat' dir='ltr'><strong>SECRETO</strong></span> 
     </span>
    </p>
   </div>
   <div class='ocr_carea' id='block_1_10' title="bbox 739 3081 1493 3137">
    <p class='ocr_par' dir='ltr' id='par_1_12' title="bbox 739 3081 1493 3137">
     <span class='ocr_line' id='line_1_23' title="bbox 739 3081 1493 3137; baseline -0.001 -13"><span class='ocrx_word' id='word_1_144' title='bbox 739 3093 823 3124; x_wconf 71' lang='lat' dir='ltr'>mn</span> <span class='ocrx_word' id='word_1_145' title='bbox 856 3093 972 3125; x_wconf 79' lang='lat' dir='ltr'><strong>xxv.</strong></span> <span class='ocrx_word' id='word_1_146' title='bbox 1011 3092 1311 3137; x_wconf 79' lang='lat' dir='ltr'>SEPTEMBRIS,</span> <span class='ocrx_word' id='word_1_147' title='bbox 1355 3081 1493 3124; x_wconf 84' lang='lat'><strong>1865.</strong></span> 
     </span>
    </p>
   </div>
   <div class='ocr_carea' id='block_1_11' title="bbox 166 3229 851 3293">
    <p class='ocr_par' dir='ltr' id='par_1_13' title="bbox 166 3229 851 3293">
     <span class='ocr_line' id='line_1_24' title="bbox 166 3229 851 3293; baseline 0.003 -15"><span class='ocrx_word' id='word_1_148' title='bbox 166 3229 547 3280; x_wconf 65' lang='lat' dir='ltr'>VENERABILES</span> <span class='ocrx_word' id='word_1_149' title='bbox 582 3229 851 3293; x_wconf 76' lang='lat' dir='ltr'><strong>FRATRES,</strong></span> 
     </span>
    </p>
   </div>
   <div class='ocr_carea' id='block_1_12' title="bbox 165 3340 2070 3751">
    <p class='ocr_par' dir='ltr' id='par_1_14' title="bbox 165 3340 2070 3751">
     <span class='ocr_line' id='line_1_25' title="bbox 309 3340 2068 3408; baseline 0.001 -17"><span class='ocrx_word' id='word_1_150' title='bbox 309 3340 641 3408; x_wconf 74' lang='lat' dir='ltr'>Multiplices</span> <span class='ocrx_word' id='word_1_151' title='bbox 665 3341 805 3391; x_wconf 75' lang='lat' dir='ltr'>inter</span> <span class='ocrx_word' id='word_1_152' title='bbox 828 3341 1244 3391; x_wconf 73' lang='lat' dir='ltr'>machinationes</span> <span class='ocrx_word' id='word_1_153' title='bbox 1279 3345 1537 3408; x_wconf 79' lang='lat' dir='ltr'>artesque,</span> <span class='ocrx_word' id='word_1_154' title='bbox 1562 3342 1753 3408; x_wconf 88' lang='lat' dir='ltr'>quibus</span> <span class='ocrx_word' id='word_1_155' title='bbox 1787 3340 2068 3393; x_wconf 74' lang='lat' dir='ltr'>Christiani</span> 
     </span>
     <span class='ocr_line' id='line_1_26' title="bbox 165 3425 2070 3493; baseline 0.001 -16"><span class='ocrx_word' id='word_1_156' title='bbox 165 3427 396 3477; x_wconf 87' lang='lat' dir='ltr'>nominis</span> <span class='ocrx_word' id='word_1_157' title='bbox 438 3425 613 3476; x_wconf 84' lang='lat' dir='ltr'>hostes</span> <span class='ocrx_word' id='word_1_158' title='bbox 652 3426 844 3476; x_wconf 90' lang='lat' dir='ltr'>adoriri</span> <span class='ocrx_word' id='word_1_159' title='bbox 886 3426 1176 3476; x_wconf 76' lang='lat' dir='ltr'>Ecclesiam</span> <span class='ocrx_word' id='word_1_160' title='bbox 1219 3426 1337 3489; x_wconf 91' lang='lat' dir='ltr'>Dei,</span> <span class='ocrx_word' id='word_1_161' title='bbox 1371 3443 1591 3493; x_wconf 89' lang='lat' dir='ltr'>eamque</span> <span class='ocrx_word' id='word_1_162' title='bbox 1632 3428 1779 3477; x_wconf 84' lang='lat' dir='ltr'>irrito</span> <span class='ocrx_word' id='word_1_163' title='bbox 1822 3428 1946 3477; x_wconf 83' lang='lat' dir='ltr'>licet</span> <span class='ocrx_word' id='word_1_164' title='bbox 1985 3446 2070 3479; x_wconf 91' lang='lat' dir='ltr'>co-</span> 
     </span>
     <span class='ocr_line' id='line_1_27' title="bbox 167 3511 2066 3579; baseline 0.001 -17"><span class='ocrx_word' id='word_1_165' title='bbox 167 3516 299 3562; x_wconf 81' lang='lat' dir='ltr'>natu</span> <span class='ocrx_word' id='word_1_166' title='bbox 330 3511 661 3573; x_wconf 78' lang='lat' dir='ltr'>labefactare,</span> <span class='ocrx_word' id='word_1_167' title='bbox 686 3515 843 3578; x_wconf 75' lang='lat' dir='ltr'>atque</span> <span class='ocrx_word' id='word_1_168' title='bbox 881 3512 1178 3562; x_wconf 84' lang='lat' dir='ltr'>exscindere</span> <span class='ocrx_word' id='word_1_169' title='bbox 1214 3512 1328 3561; x_wconf 87' lang='lat' dir='ltr'>ausi</span> <span class='ocrx_word' id='word_1_170' title='bbox 1371 3517 1512 3573; x_wconf 82' lang='lat' dir='ltr'>sunt,</span> <span class='ocrx_word' id='word_1_171' title='bbox 1537 3513 1864 3574; x_wconf 81' lang='lat' dir='ltr'>recensenda,</span> <span class='ocrx_word' id='word_1_172' title='bbox 1889 3514 2066 3579; x_wconf 85' lang='lat' dir='ltr'>procul</span> 
     </span>
     <span class='ocr_line' id='line_1_28' title="bbox 168 3596 2067 3664; baseline 0.001 -17"><span class='ocrx_word' id='word_1_173' title='bbox 168 3598 326 3648; x_wconf 86' lang='lat' dir='ltr'>dubio</span> <span class='ocrx_word' id='word_1_174' title='bbox 366 3601 463 3659; x_wconf 72' lang='lat' dir='ltr'>est,</span> <span class='ocrx_word' id='word_1_175' title='bbox 496 3597 829 3647; x_wconf 87' lang='lat' dir='ltr'>Venerabiles</span> <span class='ocrx_word' id='word_1_176' title='bbox 863 3596 1089 3659; x_wconf 78' lang='lat' dir='ltr'>Fratres,</span> <span class='ocrx_word' id='word_1_177' title='bbox 1122 3614 1355 3664; x_wconf 87' lang='lat' dir='ltr'>perversa</span> <span class='ocrx_word' id='word_1_178' title='bbox 1392 3598 1483 3647; x_wconf 91' lang='lat' dir='ltr'>illa</span> <span class='ocrx_word' id='word_1_179' title='bbox 1521 3598 1795 3647; x_wconf 88' lang='lat' dir='ltr'>hominum</span> <span class='ocrx_word' id='word_1_180' title='bbox 1834 3599 2067 3661; x_wconf 78' lang='lat' dir='ltr'>societas,</span> 
     </span>
     <span class='ocr_line' id='line_1_29' title="bbox 167 3680 2067 3751; baseline 0.001 -19"><span class='ocrx_word' id='word_1_181' title='bbox 167 3698 299 3750; x_wconf 80' lang='lat' dir='ltr'>quae</span> <span class='ocrx_word' id='word_1_182' title='bbox 347 3680 666 3733; x_wconf 65' lang='lat' dir='ltr'>Mas-sonim</span> <span class='ocrx_word' id='word_1_183' title='bbox 716 3681 876 3751; x_wconf 83' lang='lat' dir='ltr'>vulgo</span> <span class='ocrx_word' id='word_1_184' title='bbox 925 3687 1276 3750; x_wconf 68' lang='lat' dir='ltr'>nuncupatur,</span> <span class='ocrx_word' id='word_1_185' title='bbox 1320 3699 1556 3750; x_wconf 86' lang='lat' dir='ltr'>quaeque</span> <span class='ocrx_word' id='word_1_186' title='bbox 1599 3685 1655 3732; x_wconf 91' lang='lat' dir='ltr'>in</span> <span class='ocrx_word' id='word_1_187' title='bbox 1699 3683 1911 3733; x_wconf 73' lang='lat' dir='ltr'>latebris</span> <span class='ocrx_word' id='word_1_188' title='bbox 1962 3684 2067 3751; x_wconf 88' lang='lat' dir='ltr'>pri-</span> 
     </span>
    </p>
   </div>
  </div>
 </body>
</html>
