2514 4504
990 439 1267 483 nncnmA.
1958 427 2076 486 159

179 589 368 642 clicam
406 589 474 639 ad
517 604 697 640 omnes
733 587 1021 655 Episcopos
1065 585 1389 638 Universalis
1423 586 1689 638 Ecclesiae
1715 588 1926 652 direxit,
1952 606 2086 656 quae

178 674 316 726 inter
340 674 536 740 scripta
559 672 852 723 doctissimi
893 671 1037 722 illius
1068 670 1346 722 Pontificis
1387 671 1679 723 secundum
1721 672 1898 723 locum
1924 678 2088 736 tenet,

179 775 243 810 ex
266 774 373 825 qua
396 756 522 807 haec
548 756 656 807 sola
682 757 835 807 verba
860 756 1075 807 citanda
1099 755 1366 807 duximus.
1460 760 1494 787 ‘⁶
1515 755 1670 808 Cordi
1710 757 1905 808 idcirco
1944 758 2088 808 vobis

179 859 288 896 esse
324 842 497 905 debet,
539 845 604 892 ut
639 841 736 893 ubi
779 842 951 892 forsan
986 841 1225 892 nondum
1263 840 1517 891 instituta
1542 841 1744 891 fuerint
1772 840 2089 893 Clericorum

181 926 493 990 Seminaria,
543 942 706 994 quam
767 925 1022 978 citissime
1082 924 1458 989 instituantur,
1519 925 1605 977 vel
1656 926 1775 994 jam
1835 927 2090 978 instituta

180 1011 642 1081 amplificent-,urla

286 1097 524 1149 Tandem
546 1101 613 1149 ut
636 1097 704 1149 ad
741 1095 859 1165 ipsa
901 1098 1142 1163 tempora
1182 1098 1362 1147 nostra
1396 1096 1783 1163 perveniamuS,
1810 1094 2093 1148 Sanctissi-

180 1199 297 1235 mus
322 1181 580 1234 Dominus
605 1187 661 1234 et
699 1181 951 1233 Summus
976 1180 1245 1243 Pontifex,
1270 1180 1365 1247 qui
1403 1180 1686 1231 sublimem
1712 1180 1861 1232 Petri
1900 1180 2093 1233 Cathe-

181 1268 328 1319 dram
353 1267 580 1318 feliciter
604 1270 848 1334 occupat,
886 1265 1055 1317 veluti
1094 1265 1310 1334 gloriosi
1348 1265 1445 1318 Sui
1487 1265 1778 1317 Decessoris
1812 1265 2093 1318 Benedicti

180 1351 331 1404 XIV.
357 1352 583 1421 vestigia
625 1368 884 1420 premens,
927 1351 986 1401 in
1022 1351 1209 1418 primis
1252 1366 1382 1417 quas
1406 1354 1528 1419 post
1567 1351 1884 1403 electionem
1910 1352 2093 1403 emisit

181 1436 490 1506 Encyclicas
514 1436 764 1499 Litteras,
813 1451 952 1486 anno
1012 1451 1205 1502 nempe
1259 1435 1415 1499 1846,
1465 1435 1666 1487 eisdem
1726 1452 1861 1504 pene
1921 1437 2118 1489 verbis

179 1522 419 1573 eamdem
459 1521 874 1574 sollicitudinem
916 1519 1223 1588 praescribit
1261 1523 1318 1571 et
1359 1520 1613 1572 inculcat.
1686 1524 1722 1552 “
1739 1520 1909 1582 Quare
1945 1522 2094 1573 vobis

181 1605 317 1657 nihil
365 1607 655 1674 antiquius,
704 1606 842 1656 nihil
891 1605 1071 1673 potius
1121 1621 1230 1655 esse
1281 1604 1457 1669 debet,
1507 1622 1670 1673 quam
1719 1606 1869 1656 omni
1920 1623 2092 1674 opera,

182 1691 406 1755 solertia,
472 1691 734 1742 industria
796 1690 1116 1743 Clericorum
1179 1688 1474 1740 Seminaria
1533 1707 1598 1741 ex
1658 1690 2091 1742 Tridentinorum

182 1776 404 1827 Patrum
429 1776 749 1842 praescripto
774 1775 1071 1838 instituere,
1099 1774 1143 1825 si
1183 1774 1420 1826 nondum
1458 1775 1715 1839 existunt,
1752 1779 1913 1843 atque
1939 1776 2095 1827 insti-

181 1866 319 1925 tuta,
344 1861 388 1912 si
414 1878 544 1928 opus
570 1861 746 1924 fuerit,
773 1857 1168 1928 amplificare.”2

325 1945 440 2007 Quo
507 1963 625 1997 vero
692 1946 848 1996 modo
896 1944 1341 2013 praeclarissimus
1397 1945 1502 1996 iste
1552 1946 1803 1997 Pontifex
1853 1947 2094 2014 exemplo

181 2031 479 2084 exhibuerit
538 2031 681 2098 quod
739 2046 972 2082 sermone
1030 2030 1279 2081 docuerat
1326 2045 1434 2080 non
1482 2033 1563 2081 est
1611 2035 1852 2082 nostrum
1902 2032 2092 2084 dicere.

182 2116 370 2168 Manet
409 2117 570 2179 enim,
609 2119 666 2166 et
708 2115 810 2166 Dei
853 2115 1065 2165 favente
1109 2114 1317 2177 Gratia,
1359 2118 1636 2166 aeternum
1669 2116 1911 2167 manebit
1934 2116 2094 2183 hujus

183 2201 264 2252 sui
290 2200 457 2251 studii
482 2200 688 2268 insigne
714 2202 1140 2261 monumentum,
1168 2197 1524 2249 Seminarium
1544 2199 1703 2250 Pium
1729 2217 1823 2267 pro
1849 2202 2094 2252 omnibus

181 2284 419 2336 Dominii
444 2284 718 2336 Pontificii
752 2283 1090 2335 Dioecesibus
1128 2283 1467 2348 institutum,
1514 2300 1645 2351 opus
1679 2285 1900 2352 quidem
1940 2290 2094 2337 tanto

183 2370 398 2421 nomine
421 2369 665 2439 dignum.

324 2454 472 2505 Haec
505 2453 724 2521 quidem
758 2454 925 2504 totius
950 2451 1217 2504 Ecclesiae
1247 2468 1362 2516 VOX,
1386 2452 1455 2504 ab
1478 2453 1608 2521 ipsis
1635 2453 1749 2521 ejus
1774 2456 2093 2522 primordiiS,

181 2542 237 2591 et
277 2539 493 2606 quidem
535 2555 567 2589 a
605 2538 867 2605 Magistro
917 2537 1127 2590 Christo
1176 2538 1244 2589 ad
1287 2541 1528 2589 nostrum
1571 2556 1762 2590 aevum
1797 2540 1946 2591 nullo
1986 2558 2092 2591 non

182 2627 419 2692 tempore
484 2639 746 2686 resonanS,
810 2640 930 2674 vere
978 2619 1224 2689 traditio,
1250 2624 1512 2690 quaedam
1563 2623 1935 2675 Ecclesiastica
1984 2626 2093 2676 dici

181 2712 375 2777 potest,
418 2707 544 2759 talis
586 2711 651 2759 ut
692 2709 973 2760 indubiam
1012 2724 1253 2759 normam
1288 2707 1439 2760 nobis
1475 2711 1724 2776 praestet,
1748 2725 1855 2776 qua
1891 2711 2095 2761 ratione

183 2794 346 2844 clerus
390 2794 536 2844 omni
574 2793 840 2844 virtutum
878 2809 1067 2861 genere
1110 2795 1462 2860 comparatUS,
1505 2793 1573 2843 ad
1611 2809 1798 2861 agrum
1827 2794 2095 2844 Ecclesiae

184 2877 527 2930 excolendum
592 2877 917 2945 aptissimus,
984 2876 1136 2928 nobis
1199 2877 1583 2944 suppeditetur.
1681 2877 1939 2929 Attamen
1988 2895 2095 2929 non

184 2963 354 3015 solum
378 2979 527 3014 aures
553 2963 643 3013 sed
686 2966 741 3013 et
781 2978 868 3013 cor
906 2964 1146 3013 nostrum
1182 2961 1412 3028 perculit
1454 2962 1558 3012 ista
1603 2960 1835 3029 Sponsae
1879 2961 2094 3027 Christi,

183 3051 492 3115 nostraeque
530 3047 723 3098 Matris
761 3063 881 3110 vox,
924 3063 1120 3114 nosque
1146 3046 1204 3096 in
1224 3045 1435 3114 Synodo
1462 3046 1737 3109 excitavit,
1762 3051 1826 3097 ut
1851 3049 2096 3115 accinga-

183 3150 301 3184 mus
342 3132 548 3184 lumbos
595 3136 815 3195 nostros,
864 3132 932 3182 ad
981 3131 1212 3199 amplius
1262 3135 1317 3182 et
1365 3131 1650 3198 perfectius
1709 3130 2094 3182 aedificandam

183 3216 319 3269 hanc
361 3217 580 3269 domum
621 3215 740 3279 Dei,
782 3217 839 3266 in
865 3233 970 3283 qua
994 3215 1233 3267 novellae
1258 3216 1518 3266 olivarum
1544 3216 1758 3267 sedeant
1782 3216 1842 3266 in
1868 3217 2093 3267 circuitu

184 3317 394 3353 mensae
459 3305 686 3364 nostrae,
753 3316 963 3351 mensae
1027 3300 1247 3368 quidem
1313 3299 1572 3363 coelestis,
1644 3316 1780 3367 quae
1857 3300 2094 3351 abundat

184 3386 427 3454 panibus.

328 3469 707 3538 Unusquisque
758 3470 1143 3538 Episcoporum
1187 3469 1289 3520 sibi
1337 3469 1586 3537 proponit
1634 3469 1780 3520 omni
1829 3468 2095 3519 industria

654 3622 676 3662 1
705 3620 868 3662 Bunar.
892 3621 1070 3662 Roman.
1095 3620 1254 3662 Bened.
1277 3620 1390 3661 XIV
1394 3649 1421 3670 .,
1443 3632 1562 3661 num.
1585 3620 1625 3660 2.

698 3700 723 3741 2
750 3699 821 3741 Pii
848 3700 931 3742 IX.
955 3700 1072 3742 RM.
1095 3700 1217 3751 Acta,
1247 3700 1351 3740 Part
1369 3699 1423 3750 1.,
1444 3712 1487 3752 p.
1514 3701 1576 3740 19.
