2514 4504
439 347 564 411 280
993 362 1155 407 conc.
1203 363 1370 408 PRov.
1415 364 1638 408 wns'rM.
1684 365 1770 411 ιν.

1324 651 1450 714 ΙΠ.

694 816 1435 882 CONSTITUTIONES
1499 815 2082 879 DOGMATICAE
2098 818 2103 825 '

1202 953 1570 995 SACROSANCTI

503 1054 1139 1103 OECUMENICI
1223 1053 1680 1107 CONCILII
1762 1055 2276 1101 VATICANI.

991 1277 1389 1323 OONSTITUTIO
1442 1281 1799 1325 DOGMATIOA

783 1379 904 1431 DE
976 1378 1224 1430 FIDE
1299 1377 1922 1446 OATHOLICA,

975 1503 1143 1545 EDITA
1186 1505 1248 1544 IN
1290 1505 1540 1546 SESSIONE
1586 1506 1800 1547 TERTIA.

1068 1740 1238 1795 PIUS
1310 1726 1708 1797 EPISGOPUS

930 1868 1210 1911 SERVUS
1265 1869 1666 1914 SERVORUM
1719 1873 1847 1914 DEI

966 1978 1136 2019 SACRO
1159 1978 1518 2021 APPROBANTE
1542 1982 1802 2022 CONOILIO

790 2091 878 2131 AD
947 2092 1350 2133 PERPETUAM
1419 2095 1533 2134 REI
1606 2095 1992 2137 MEMORIAE.

501 2206 507 2211 ’
576 2213 678 2266 Dei
713 2214 887 2267 Filius
919 2217 976 2266 et
1011 2215 1217 2283 generis
1253 2213 1478 2267 humani
1512 2215 1835 2285 Redemptor
1866 2218 2128 2270 Dominus
2150 2218 2206 2271 N
2205 2221 2343 2272 oster

433 2301 470 2353 J
469 2317 584 2352 esus
629 2298 883 2363 Christus,
922 2299 991 2350 ad
1029 2298 1248 2350 Patrem
1290 2299 1570 2351 caelestem
1611 2301 1895 2365 reditur-m,
1937 2318 2061 2353 cum
2103 2301 2342 2354 Ecclesia

434 2403 527 2438 sua
567 2388 627 2437 in
667 2386 820 2438 terris
867 2385 1140 2437 militante
1182 2385 1426 2436 omnibus
1468 2385 1654 2438 diebus
1688 2403 1853 2454 usque
1898 2386 1967 2437 ad
2010 2403 2343 2440 consumma-

433 2473 637 2523 tionem
663 2470 857 2522 saeculi
883 2471 1123 2521 futurum
1149 2487 1202 2522 33
1226 2487 1336 2522 3333
1360 2470 1620 2538 promisit.
1679 2469 1847 2532 Quare
1872 2471 2100 2524 dilectae
2123 2489 2342 2541 sponsae

431 2560 638 2626 praesto
675 2573 801 2619 3333,
840 2555 1091 2607 adsistere
1130 2556 1362 2620 docenti,
1386 2557 1628 2624 operanti
1666 2556 1991 2625 benedicere,
2013 2557 2344 2626 periclitanti

434 2659 588 2710 opem
631 2641 763 2692 ferre
804 2640 954 2692 nullo
992 2657 1232 2708 unquam
1273 2644 1512 2709 tempore
1550 2641 1779 2692 destitit.
1837 2634 2002 2693 *Haec
2043 2659 2165 2694 vero
2188 2643 2344 2709 ‚salu-

434 2728 561 2779 taris
603 2727 718 2795 ejus
758 2726 1111 2794 providentia,
1136 2742 1260 2776 cum
1304 2743 1366 2778 ex
1403 2726 1526 2778 aliis
1560 2726 1832 2778 beneficiis
1855 2727 2148 2780 innumeris
2170 2729 2343 2780 conti-

432 2817 619 2864 nenter
643 2812 908 2880 apparuit,
932 2815 1053 2862 tum
1091 2810 1160 2862 iis
1198 2812 1630 2864 manifestissime
1667 2817 1937 2880 comperta
1959 2816 2041 2864 est
2064 2805 2343 2878 fructibus}

433 2900 528 2967 qui
571 2897 684 2948 orbi
728 2896 1013 2948 christiano
1061 2914 1093 2948 3
1141 2894 1391 2948 Conciliis
1434 2898 1787 2949 oecumenicis
1834 2914 1896 2949 ac
1944 2898 2266 2950 nominatim
2311 2909 2345 2950 e
2422 2911 2424 2914 ’
2507 2939 2514 2958 ÷

434 2980 764 3043 Tridentino,
801 2979 1001 3047 iniquis
1034 2979 1164 3030 licet
1200 2979 1528 3046 temporibus
1561 2979 1843 3043 celebrato,
1875 2979 2194 3047 amplissimi
2225 2998 2344 3048 pro-

433 3069 707 3118 venerunt.
781 3064 927 3115 Hinc
963 3064 1109 3115 enim
1148 3064 1481 3115 sanctissima
1513 3065 1787 3132 religionis
1826 3065 2080 3133 dogmata
2117 3067 2345 3134 pressius

435 3150 656 3203 definita
698 3150 1012 3216 uberiusque
1055 3149 1313 3216 exposita,
1357 3165 1548 3200 errores
1591 3149 1835 3200 damnati
1882 3153 2045 3217 atque
2093 3150 2344 3212 cohibiti3

433 3237 558 3288 hinc
596 3235 949 3287 ecclesiastica
988 3233 1270 3301 disciplina
1317 3234 1567 3286 restituta
1614 3234 1921 3302 firmiusque
1970 3235 2190 3298 sancita,
2226 3252 2346 3303 pro-

431 3327 642 3374 motum
690 3321 750 3372 in
800 3319 947 3373 Clero
1005 3319 1259 3371 scientiae
1316 3322 1373 3371 et
1428 3318 1650 3387 pietatis
1708 3321 1967 3384 studium,
1999 3323 2186 3388 parata
2222 3321 2348 3372 ado-

435 3405 753 3459 lescentibus
794 3405 863 3457 ad
906 3420 1105 3455 sacram
1153 3403 1410 3454 militiam
1453 3405 1739 3456 educandis
1788 3404 2030 3474 collegia,
2069 3404 2346 3456 christiani

435 3492 664 3560 denique
711 3490 899 3559 populi
948 3506 1117 3540 mores
1174 3491 1230 3540 et
1286 3490 1608 3541 accuratiore
1656 3489 1897 3541 fidelium
1947 3489 2242 3541 eruditione
2291 3492 2346 3542 et

438 3577 793 3651 frequentiore
842 3578 1286 3631 sacramentorum
1333 3591 1434 3626 usu
1481 3574 1784 3635 instaurati,
1883 3573 2028 3625 Hinc
2076 3578 2346 3649 praeterea
