<?xml version="1.0" encoding="UTF-8"?>
<!DOCTYPE html PUBLIC "-//W3C//DTD XHTML 1.0 Transitional//EN"
    "http://www.w3.org/TR/xhtml1/DTD/xhtml1-transitional.dtd">
<html xmlns="http://www.w3.org/1999/xhtml" xml:lang="en" lang="en">
 <head>
  <title>
</title>
<meta http-equiv="Content-Type" content="text/html;charset=utf-8" />
  <meta name='ocr-system' content='tesseract 3.04.00' />
  <meta name='ocr-capabilities' content='ocr_page ocr_carea ocr_par ocr_line ocrx_word'/>
</head>
<body>
  <div class='ocr_page' id='page_1' title='image "a613743300cathuoft_0279.png"; bbox 0 0 2514 4504; ppageno 0'>
   <div class='ocr_carea' id='block_1_1' title="bbox 534 426 2065 492">
    <p class='ocr_par' dir='ltr' id='par_1_1' title="bbox 534 426 2065 492">
     <span class='ocr_line' id='line_1_1' title="bbox 534 426 2065 492; baseline 0.007 -11"><span class='ocrx_word' id='word_1_1' title='bbox 534 437 778 482; x_wconf 75' lang='lat' dir='ltr'>APPEND.</span> <span class='ocrx_word' id='word_1_2' title='bbox 825 439 864 481; x_wconf 92' lang='lat'>1.</span> <span class='ocrx_word' id='word_1_3' title='bbox 952 438 1153 482; x_wconf 72' lang='lat' dir='ltr'>ENcrc,</span> <span class='ocrx_word' id='word_1_4' title='bbox 1207 426 1471 492; x_wconf 76' lang='lat' dir='ltr'>‘QUANTA</span> <span class='ocrx_word' id='word_1_5' title='bbox 1514 426 1696 487; x_wconf 63' lang='lat' dir='ltr'>cum)</span> <span class='ocrx_word' id='word_1_6' title='bbox 1946 431 2065 491; x_wconf 88' lang='grc'>261</span> 
     </span>
    </p>
   </div>
   <div class='ocr_carea' id='block_1_2' title="bbox 160 583 2079 1426">
    <p class='ocr_par' dir='ltr' id='par_1_2' title="bbox 160 583 2079 1426">
     <span class='ocr_line' id='line_1_2' title="bbox 167 583 2078 657; baseline 0.002 -20"><span class='ocrx_word' id='word_1_7' title='bbox 167 586 343 655; x_wconf 90' lang='lat' dir='ltr'>palam</span> <span class='ocrx_word' id='word_1_8' title='bbox 382 603 588 655; x_wconf 83' lang='lat' dir='ltr'>erogare</span> <span class='ocrx_word' id='word_1_9' title='bbox 630 583 888 647; x_wconf 89' lang='lat' dir='ltr'>valeant,”</span> <span class='ocrx_word' id='word_1_10' title='bbox 932 601 993 634; x_wconf 90' lang='lat' dir='ltr'>ac</span> <span class='ocrx_word' id='word_1_11' title='bbox 1034 584 1097 634; x_wconf 92' lang='lat' dir='ltr'>de</span> <span class='ocrx_word' id='word_1_12' title='bbox 1137 584 1313 634; x_wconf 89' lang='lat' dir='ltr'>medio</span> <span class='ocrx_word' id='word_1_13' title='bbox 1358 584 1649 637; x_wconf 91' lang='lat' dir='ltr'>tollendam</span> <span class='ocrx_word' id='word_1_14' title='bbox 1692 587 1882 656; x_wconf 88' lang='lat' dir='ltr'>legem,</span> <span class='ocrx_word' id='word_1_15' title='bbox 1931 594 2078 657; x_wconf 87' lang='lat' dir='ltr'>“qua</span> 
     </span>
     <span class='ocr_line' id='line_1_3' title="bbox 166 670 2078 741; baseline 0 -17"><span class='ocrx_word' id='word_1_16' title='bbox 166 674 321 724; x_wconf 88' lang='lat' dir='ltr'>certis</span> <span class='ocrx_word' id='word_1_17' title='bbox 345 672 611 739; x_wconf 86' lang='lat' dir='ltr'><strong>aliquibus</strong></span> <span class='ocrx_word' id='word_1_18' title='bbox 638 671 823 723; x_wconf 88' lang='lat' dir='ltr'>diebus</span> <span class='ocrx_word' id='word_1_19' title='bbox 849 688 1002 738; x_wconf 91' lang='lat' dir='ltr'>opera</span> <span class='ocrx_word' id='word_1_20' title='bbox 1029 670 1238 721; x_wconf 89' lang='lat' dir='ltr'>servilia</span> <span class='ocrx_word' id='word_1_21' title='bbox 1267 677 1480 739; x_wconf 87' lang='lat' dir='ltr'>propter</span> <span class='ocrx_word' id='word_1_22' title='bbox 1516 672 1614 723; x_wconf 90' lang='lat' dir='ltr'>Dei</span> <span class='ocrx_word' id='word_1_23' title='bbox 1656 673 1862 724; x_wconf 90' lang='lat' dir='ltr'>cultum</span> <span class='ocrx_word' id='word_1_24' title='bbox 1903 675 2078 741; x_wconf 91' lang='lat' dir='ltr'>prohi-</span> 
     </span>
     <span class='ocr_line' id='line_1_4' title="bbox 166 757 2075 823; baseline 0 -13"><span class='ocrx_word' id='word_1_25' title='bbox 166 757 400 820; x_wconf 87' lang='lat' dir='ltr'>bentur,‘’</span> <span class='ocrx_word' id='word_1_26' title='bbox 450 758 786 809; x_wconf 79' lang='lat' dir='ltr'>fallacissime</span> <span class='ocrx_word' id='word_1_27' title='bbox 828 760 1208 823; x_wconf 83' lang='lat' dir='ltr'>praetexenteS,</span> <span class='ocrx_word' id='word_1_28' title='bbox 1253 763 1718 809; x_wconf 76' lang='lat' dir='ltr'>commemoratam</span> <span class='ocrx_word' id='word_1_29' title='bbox 1764 759 2075 811; x_wconf 84' lang='lat' dir='ltr'>facultatem</span> 
     </span>
     <span class='ocr_line' id='line_1_5' title="bbox 164 842 1896 914; baseline 0 -18"><span class='ocrx_word' id='word_1_30' title='bbox 164 849 219 896; x_wconf 91' lang='lat' dir='ltr'>et</span> <span class='ocrx_word' id='word_1_31' title='bbox 242 844 414 914; x_wconf 88' lang='lat' dir='ltr'>legem</span> <span class='ocrx_word' id='word_1_32' title='bbox 440 845 674 912; x_wconf 82' lang='lat' dir='ltr'>optimae</span> <span class='ocrx_word' id='word_1_33' title='bbox 698 842 943 910; x_wconf 90' lang='lat' dir='ltr'>publicae</span> <span class='ocrx_word' id='word_1_34' title='bbox 969 842 1301 893; x_wconf 90' lang='lat' dir='ltr'>oeconomiae</span> <span class='ocrx_word' id='word_1_35' title='bbox 1327 843 1604 911; x_wconf 86' lang='lat' dir='ltr'>principiis</span> <span class='ocrx_word' id='word_1_36' title='bbox 1630 845 1896 897; x_wconf 89' lang='lat' dir='ltr'>obsistere.</span> 
     </span>
     <span class='ocr_line' id='line_1_6' title="bbox 306 927 2076 996; baseline 0.001 -16"><span class='ocrx_word' id='word_1_37' title='bbox 306 929 493 996; x_wconf 84' lang='lat' dir='ltr'>Neque</span> <span class='ocrx_word' id='word_1_38' title='bbox 537 929 775 979; x_wconf 84' lang='lat' dir='ltr'>contenti</span> <span class='ocrx_word' id='word_1_39' title='bbox 816 945 1055 978; x_wconf 90' lang='lat' dir='ltr'>amovere</span> <span class='ocrx_word' id='word_1_40' title='bbox 1105 927 1415 995; x_wconf 86' lang='lat' dir='ltr'>religionem</span> <span class='ocrx_word' id='word_1_41' title='bbox 1465 946 1495 978; x_wconf 87' lang='lat' dir='ltr'>a</span> <span class='ocrx_word' id='word_1_42' title='bbox 1547 930 1759 996; x_wconf 88' lang='lat' dir='ltr'>publica</span> <span class='ocrx_word' id='word_1_43' title='bbox 1810 932 2076 995; x_wconf 88' lang='lat' dir='ltr'>societate,</span> 
     </span>
     <span class='ocr_line' id='line_1_7' title="bbox 164 1005 2076 1083; baseline 0.001 -17"><span class='ocrx_word' id='word_1_44' title='bbox 164 1014 350 1066; x_wconf 90' lang='lat' dir='ltr'>volunt</span> <span class='ocrx_word' id='word_1_45' title='bbox 373 1014 682 1083; x_wconf 85' lang='lat' dir='ltr'>religionem</span> <span class='ocrx_word' id='word_1_46' title='bbox 709 1005 878 1080; x_wconf 85' lang='lat' dir='ltr'>ipsam</span> <span class='ocrx_word' id='word_1_47' title='bbox 898 1029 929 1062; x_wconf 94' lang='lat' dir='ltr'>a</span> <span class='ocrx_word' id='word_1_48' title='bbox 949 1012 1170 1079; x_wconf 90' lang='lat' dir='ltr'>privatis</span> <span class='ocrx_word' id='word_1_49' title='bbox 1189 1013 1355 1062; x_wconf 91' lang='lat' dir='ltr'>etiam</span> <span class='ocrx_word' id='word_1_50' title='bbox 1375 1030 1546 1064; x_wconf 91' lang='lat' dir='ltr'>arcere</span> <span class='ocrx_word' id='word_1_51' title='bbox 1567 1015 1801 1067; x_wconf 87' lang='lat' dir='ltr'>familiis.</span> <span class='ocrx_word' id='word_1_52' title='bbox 1861 1018 2076 1068; x_wconf 89' lang='lat' dir='ltr'>Etenim</span> 
     </span>
     <span class='ocr_line' id='line_1_8' title="bbox 164 1094 2079 1171; baseline 0.002 -21"><span class='ocrx_word' id='word_1_53' title='bbox 164 1099 581 1150; x_wconf 89' lang='lat' dir='ltr'>funestissimum</span> <span class='ocrx_word' id='word_1_54' title='bbox 629 1094 1046 1149; x_wconf 65' lang='lat' dir='ltr'>Communismi</span> <span class='ocrx_word' id='word_1_55' title='bbox 1090 1101 1144 1148; x_wconf 92' lang='lat' dir='ltr'>et</span> <span class='ocrx_word' id='word_1_56' title='bbox 1190 1095 1513 1149; x_wconf 70' lang='lat' dir='ltr'>Socialiemi</span> <span class='ocrx_word' id='word_1_57' title='bbox 1556 1101 1801 1151; x_wconf 81' lang='lat' dir='ltr'>docentes</span> <span class='ocrx_word' id='word_1_58' title='bbox 1851 1119 1911 1152; x_wconf 90' lang='lat' dir='ltr'>ac</span> <span class='ocrx_word' id='word_1_59' title='bbox 1961 1120 2079 1171; x_wconf 92' lang='lat' dir='ltr'>pro-</span> 
     </span>
     <span class='ocr_line' id='line_1_9' title="bbox 162 1185 2076 1246; baseline 0.002 -10"><span class='ocrx_word' id='word_1_60' title='bbox 162 1186 371 1236; x_wconf 82' lang='lat' dir='ltr'>fitentes</span> <span class='ocrx_word' id='word_1_61' title='bbox 404 1201 622 1235; x_wconf 91' lang='lat' dir='ltr'>errorem</span> <span class='ocrx_word' id='word_1_62' title='bbox 656 1188 908 1246; x_wconf 90' lang='lat' dir='ltr'>asserunt,</span> <span class='ocrx_word' id='word_1_63' title='bbox 944 1185 1301 1234; x_wconf 89' lang='lat' dir='ltr'>“societatem</span> <span class='ocrx_word' id='word_1_64' title='bbox 1327 1185 1671 1236; x_wconf 88' lang='lat' dir='ltr'>domesticam</span> <span class='ocrx_word' id='word_1_65' title='bbox 1699 1204 1790 1238; x_wconf 90' lang='lat' dir='ltr'>seu</span> <span class='ocrx_word' id='word_1_66' title='bbox 1816 1188 2076 1239; x_wconf 89' lang='lat' dir='ltr'>familiam</span> 
     </span>
     <span class='ocr_line' id='line_1_10' title="bbox 162 1268 2076 1337; baseline 0.001 -15"><span class='ocrx_word' id='word_1_67' title='bbox 162 1275 332 1322; x_wconf 87' lang='lat' dir='ltr'>totam</span> <span class='ocrx_word' id='word_1_68' title='bbox 358 1287 479 1321; x_wconf 87' lang='lat' dir='ltr'>suae</span> <span class='ocrx_word' id='word_1_69' title='bbox 505 1269 817 1320; x_wconf 80' lang='lat' dir='ltr'>existentiae</span> <span class='ocrx_word' id='word_1_70' title='bbox 842 1268 1105 1319; x_wconf 89' lang='lat' dir='ltr'>rationem</span> <span class='ocrx_word' id='word_1_71' title='bbox 1132 1286 1164 1319; x_wconf 90' lang='lat' dir='ltr'>a</span> <span class='ocrx_word' id='word_1_72' title='bbox 1180 1268 1303 1337; x_wconf 91' lang='lat' dir='ltr'>jure</span> <span class='ocrx_word' id='word_1_73' title='bbox 1329 1270 1609 1322; x_wconf 83' lang='lat' dir='ltr'>dumtaxat</span> <span class='ocrx_word' id='word_1_74' title='bbox 1637 1273 1783 1323; x_wconf 90' lang='lat' dir='ltr'>civili</span> <span class='ocrx_word' id='word_1_75' title='bbox 1810 1274 2076 1334; x_wconf 83' lang='lat' dir='ltr'>mutuari3</span> 
     </span>
     <span class='ocr_line' id='line_1_11' title="bbox 160 1355 2078 1426; baseline 0.001 -18"><span class='ocrx_word' id='word_1_76' title='bbox 160 1357 480 1425; x_wconf 84' lang='lat' dir='ltr'>proindeque</span> <span class='ocrx_word' id='word_1_77' title='bbox 526 1373 587 1406; x_wconf 85' lang='lat' dir='ltr'>ex</span> <span class='ocrx_word' id='word_1_78' title='bbox 637 1356 752 1425; x_wconf 93' lang='lat' dir='ltr'>lege</span> <span class='ocrx_word' id='word_1_79' title='bbox 801 1360 1018 1406; x_wconf 89' lang='lat' dir='ltr'>tantum</span> <span class='ocrx_word' id='word_1_80' title='bbox 1068 1355 1214 1406; x_wconf 90' lang='lat' dir='ltr'>civili</span> <span class='ocrx_word' id='word_1_81' title='bbox 1265 1356 1534 1407; x_wconf 88' lang='lat' dir='ltr'>dimanare</span> <span class='ocrx_word' id='word_1_82' title='bbox 1583 1374 1644 1408; x_wconf 92' lang='lat' dir='ltr'>ac</span> <span class='ocrx_word' id='word_1_83' title='bbox 1693 1359 1914 1425; x_wconf 89' lang='lat' dir='ltr'>pendere</span> <span class='ocrx_word' id='word_1_84' title='bbox 1955 1359 2078 1426; x_wconf 89' lang='lat' dir='ltr'>jura</span> 
     </span>
    </p>
   </div>
   <div class='ocr_carea' id='block_1_3' title="bbox 147 1444 2078 3047">
    <p class='ocr_par' dir='ltr' id='par_1_3' title="bbox 147 1444 2078 3047">
     <span class='ocr_line' id='line_1_12' title="bbox 160 1444 2077 1515; baseline 0.002 -17"><span class='ocrx_word' id='word_1_85' title='bbox 160 1446 339 1498; x_wconf 90' lang='lat' dir='ltr'>omnia</span> <span class='ocrx_word' id='word_1_86' title='bbox 377 1449 659 1513; x_wconf 90' lang='lat' dir='ltr'>parentum</span> <span class='ocrx_word' id='word_1_87' title='bbox 684 1445 744 1495; x_wconf 90' lang='lat' dir='ltr'>in</span> <span class='ocrx_word' id='word_1_88' title='bbox 763 1444 918 1509; x_wconf 84' lang='lat' dir='ltr'>filios,</span> <span class='ocrx_word' id='word_1_89' title='bbox 943 1463 1066 1496; x_wconf 92' lang='lat' dir='ltr'>cum</span> <span class='ocrx_word' id='word_1_90' title='bbox 1100 1447 1285 1513; x_wconf 92' lang='lat' dir='ltr'>primis</span> <span class='ocrx_word' id='word_1_91' title='bbox 1316 1464 1434 1499; x_wconf 88' lang='lat' dir='ltr'>vero</span> <span class='ocrx_word' id='word_1_92' title='bbox 1451 1447 1542 1515; x_wconf 89' lang='lat' dir='ltr'>jus</span> <span class='ocrx_word' id='word_1_93' title='bbox 1568 1449 1925 1500; x_wconf 89' lang='lat' dir='ltr'>institutionis</span> <span class='ocrx_word' id='word_1_94' title='bbox 1951 1450 2077 1500; x_wconf 91' lang='lat' dir='ltr'>edu-</span> 
     </span>
     <span class='ocr_line' id='line_1_13' title="bbox 159 1529 2078 1600; baseline 0.002 -18"><span class='ocrx_word' id='word_1_95' title='bbox 159 1531 486 1598; x_wconf 89' lang='lat' dir='ltr'>cationisque</span> <span class='ocrx_word' id='word_1_96' title='bbox 537 1530 843 1581; x_wconf 87' lang='lat' dir='ltr'>curandae.&#39;&#39;</span> <span class='ocrx_word' id='word_1_97' title='bbox 936 1529 1138 1591; x_wconf 84' lang='lat' dir='ltr'>Quibus</span> <span class='ocrx_word' id='word_1_98' title='bbox 1187 1532 1369 1599; x_wconf 88' lang='lat' dir='ltr'>impiis</span> <span class='ocrx_word' id='word_1_99' title='bbox 1419 1533 1757 1600; x_wconf 83' lang='lat' dir='ltr'>opinionibus</span> <span class='ocrx_word' id='word_1_100' title='bbox 1805 1535 2078 1586; x_wconf 89' lang='lat' dir='ltr'>machina-</span> 
     </span>
     <span class='ocr_line' id='line_1_14' title="bbox 158 1616 2075 1684; baseline 0.002 -17"><span class='ocrx_word' id='word_1_101' title='bbox 158 1617 495 1683; x_wconf 91' lang='lat' dir='ltr'>tionibusque</span> <span class='ocrx_word' id='word_1_102' title='bbox 521 1616 577 1665; x_wconf 94' lang='lat' dir='ltr'>in</span> <span class='ocrx_word' id='word_1_103' title='bbox 603 1616 659 1665; x_wconf 91' lang='lat' dir='ltr'>id</span> <span class='ocrx_word' id='word_1_104' title='bbox 684 1616 965 1683; x_wconf 90' lang='lat' dir='ltr'>praecipue</span> <span class='ocrx_word' id='word_1_105' title='bbox 999 1616 1291 1667; x_wconf 92' lang='lat' dir='ltr'>intendunt</span> <span class='ocrx_word' id='word_1_106' title='bbox 1325 1617 1650 1669; x_wconf 86' lang='lat' dir='ltr'>fallacissimi</span> <span class='ocrx_word' id='word_1_107' title='bbox 1688 1620 1781 1670; x_wconf 89' lang='lat' dir='ltr'>isti</span> <span class='ocrx_word' id='word_1_108' title='bbox 1819 1621 2075 1684; x_wconf 80' lang='lat' dir='ltr'>homineS,</span> 
     </span>
     <span class='ocr_line' id='line_1_15' title="bbox 156 1700 2075 1773; baseline 0.002 -20"><span class='ocrx_word' id='word_1_109' title='bbox 156 1706 220 1753; x_wconf 92' lang='lat' dir='ltr'>ut</span> <span class='ocrx_word' id='word_1_110' title='bbox 262 1701 532 1753; x_wconf 89' lang='lat' dir='ltr'>salutifera</span> <span class='ocrx_word' id='word_1_111' title='bbox 575 1700 864 1751; x_wconf 86' lang='lat' dir='ltr'>catholicae</span> <span class='ocrx_word' id='word_1_112' title='bbox 909 1701 1174 1752; x_wconf 88' lang='lat' dir='ltr'>Ecclesiae</span> <span class='ocrx_word' id='word_1_113' title='bbox 1213 1703 1453 1754; x_wconf 90' lang='lat' dir='ltr'>doctrina</span> <span class='ocrx_word' id='word_1_114' title='bbox 1492 1722 1553 1755; x_wconf 91' lang='lat' dir='ltr'>ac</span> <span class='ocrx_word' id='word_1_115' title='bbox 1593 1706 1672 1755; x_wconf 92' lang='lat' dir='ltr'>vis</span> <span class='ocrx_word' id='word_1_116' title='bbox 1710 1723 1742 1756; x_wconf 93' lang='lat' dir='ltr'>a</span> <span class='ocrx_word' id='word_1_117' title='bbox 1770 1705 2075 1773; x_wconf 88' lang='lat' dir='ltr'>juventutis</span> 
     </span>
     <span class='ocr_line' id='line_1_16' title="bbox 156 1787 2076 1855; baseline 0.002 -17"><span class='ocrx_word' id='word_1_118' title='bbox 156 1788 494 1839; x_wconf 91' lang='lat' dir='ltr'>institutione</span> <span class='ocrx_word' id='word_1_119' title='bbox 536 1791 591 1837; x_wconf 93' lang='lat' dir='ltr'>et</span> <span class='ocrx_word' id='word_1_120' title='bbox 631 1787 942 1837; x_wconf 84' lang='lat' dir='ltr'>educatione</span> <span class='ocrx_word' id='word_1_121' title='bbox 982 1804 1187 1855; x_wconf 90' lang='lat' dir='ltr'>prorsus</span> <span class='ocrx_word' id='word_1_122' title='bbox 1226 1788 1551 1853; x_wconf 87' lang='lat' dir='ltr'>eliminetur,</span> <span class='ocrx_word' id='word_1_123' title='bbox 1577 1807 1637 1840; x_wconf 91' lang='lat' dir='ltr'>ac</span> <span class='ocrx_word' id='word_1_124' title='bbox 1672 1792 1839 1842; x_wconf 87' lang='lat' dir='ltr'>teneri</span> <span class='ocrx_word' id='word_1_125' title='bbox 1870 1790 2076 1842; x_wconf 82' lang='lat' dir='ltr'>flexibi-</span> 
     </span>
     <span class='ocr_line' id='line_1_17' title="bbox 154 1872 2074 1945; baseline 0.001 -20"><span class='ocrx_word' id='word_1_126' title='bbox 154 1874 328 1941; x_wconf 92' lang='lat' dir='ltr'>lesque</span> <span class='ocrx_word' id='word_1_127' title='bbox 357 1873 619 1940; x_wconf 87' lang='lat' dir='ltr'>juvenum</span> <span class='ocrx_word' id='word_1_128' title='bbox 657 1872 824 1923; x_wconf 89' lang='lat' dir='ltr'>animi</span> <span class='ocrx_word' id='word_1_129' title='bbox 861 1873 1168 1940; x_wconf 87' lang='lat' dir='ltr'>perniciosis</span> <span class='ocrx_word' id='word_1_130' title='bbox 1208 1874 1504 1942; x_wconf 84' lang='lat' dir='ltr'>quibusque</span> <span class='ocrx_word' id='word_1_131' title='bbox 1532 1876 1788 1927; x_wconf 86' lang='lat' dir='ltr'>erroribus</span> <span class='ocrx_word' id='word_1_132' title='bbox 1823 1876 2074 1945; x_wconf 86' lang='lat' dir='ltr'>vitiisque</span> 
     </span>
     <span class='ocr_line' id='line_1_18' title="bbox 154 1954 2072 2026; baseline 0.002 -19"><span class='ocrx_word' id='word_1_133' title='bbox 154 1957 340 2007; x_wconf 86' lang='lat' dir='ltr'>misere</span> <span class='ocrx_word' id='word_1_134' title='bbox 379 1954 689 2005; x_wconf 85' lang='lat' dir='ltr'>inficiantur</span> <span class='ocrx_word' id='word_1_135' title='bbox 726 1972 787 2004; x_wconf 89' lang='lat' dir='ltr'>ac</span> <span class='ocrx_word' id='word_1_136' title='bbox 829 1955 1195 2022; x_wconf 81' lang='lat' dir='ltr'>depraventur.</span> <span class='ocrx_word' id='word_1_137' title='bbox 1272 1955 1549 2024; x_wconf 83' lang='lat' dir='ltr'>Siquidem</span> <span class='ocrx_word' id='word_1_138' title='bbox 1590 1975 1788 2021; x_wconf 79' lang='lat' dir='ltr'>omneS‚</span> <span class='ocrx_word' id='word_1_139' title='bbox 1829 1960 1920 2026; x_wconf 92' lang='lat' dir='ltr'>qui</span> <span class='ocrx_word' id='word_1_140' title='bbox 1962 1976 2072 2010; x_wconf 91' lang='lat' dir='ltr'>rem</span> 
     </span>
     <span class='ocr_line' id='line_1_19' title="bbox 154 2039 2073 2107; baseline 0.002 -16"><span class='ocrx_word' id='word_1_141' title='bbox 154 2046 273 2091; x_wconf 87' lang='lat' dir='ltr'>tum</span> <span class='ocrx_word' id='word_1_142' title='bbox 317 2057 531 2102; x_wconf 88' lang='lat' dir='ltr'>sacram,</span> <span class='ocrx_word' id='word_1_143' title='bbox 580 2043 699 2090; x_wconf 91' lang='lat' dir='ltr'>tum</span> <span class='ocrx_word' id='word_1_144' title='bbox 750 2039 1021 2107; x_wconf 88' lang='lat' dir='ltr'>publicam</span> <span class='ocrx_word' id='word_1_145' title='bbox 1071 2041 1390 2107; x_wconf 87' lang='lat' dir='ltr'>perturbare,</span> <span class='ocrx_word' id='word_1_146' title='bbox 1439 2059 1500 2093; x_wconf 88' lang='lat' dir='ltr'>ac</span> <span class='ocrx_word' id='word_1_147' title='bbox 1550 2047 1755 2093; x_wconf 90' lang='lat' dir='ltr'>rectum</span> <span class='ocrx_word' id='word_1_148' title='bbox 1804 2044 2073 2096; x_wconf 87' lang='lat' dir='ltr'>societatis</span> 
     </span>
     <span class='ocr_line' id='line_1_20' title="bbox 153 2123 2073 2191; baseline 0.002 -15"><span class='ocrx_word' id='word_1_149' title='bbox 153 2126 389 2177; x_wconf 90' lang='lat' dir='ltr'>ordinem</span> <span class='ocrx_word' id='word_1_150' title='bbox 430 2128 675 2185; x_wconf 90' lang='lat' dir='ltr'>evertere,</span> <span class='ocrx_word' id='word_1_151' title='bbox 718 2127 773 2174; x_wconf 92' lang='lat' dir='ltr'>et</span> <span class='ocrx_word' id='word_1_152' title='bbox 804 2123 929 2191; x_wconf 89' lang='lat' dir='ltr'>jura</span> <span class='ocrx_word' id='word_1_153' title='bbox 968 2126 1149 2175; x_wconf 89' lang='lat' dir='ltr'>omnia</span> <span class='ocrx_word' id='word_1_154' title='bbox 1188 2126 1370 2176; x_wconf 89' lang='lat' dir='ltr'>divina</span> <span class='ocrx_word' id='word_1_155' title='bbox 1406 2130 1460 2177; x_wconf 92' lang='lat' dir='ltr'>et</span> <span class='ocrx_word' id='word_1_156' title='bbox 1494 2127 1727 2177; x_wconf 90' lang='lat' dir='ltr'>humana</span> <span class='ocrx_word' id='word_1_157' title='bbox 1753 2128 1923 2179; x_wconf 90' lang='lat' dir='ltr'>delere</span> <span class='ocrx_word' id='word_1_158' title='bbox 1950 2133 2073 2180; x_wconf 90' lang='lat' dir='ltr'>sunt</span> 
     </span>
     <span class='ocr_line' id='line_1_21' title="bbox 152 2210 2072 2282; baseline 0.001 -20"><span class='ocrx_word' id='word_1_159' title='bbox 152 2211 347 2274; x_wconf 87' lang='lat' dir='ltr'>conati,</span> <span class='ocrx_word' id='word_1_160' title='bbox 374 2211 554 2261; x_wconf 91' lang='lat' dir='ltr'>omnia</span> <span class='ocrx_word' id='word_1_161' title='bbox 579 2210 778 2260; x_wconf 89' lang='lat' dir='ltr'>nefaria</span> <span class='ocrx_word' id='word_1_162' title='bbox 805 2226 897 2260; x_wconf 92' lang='lat' dir='ltr'>sua</span> <span class='ocrx_word' id='word_1_163' title='bbox 923 2210 1162 2273; x_wconf 90' lang='lat' dir='ltr'>consilia,</span> <span class='ocrx_word' id='word_1_164' title='bbox 1187 2212 1364 2262; x_wconf 91' lang='lat' dir='ltr'>studia</span> <span class='ocrx_word' id='word_1_165' title='bbox 1390 2218 1443 2262; x_wconf 90' lang='lat' dir='ltr'>et</span> <span class='ocrx_word' id='word_1_166' title='bbox 1470 2230 1681 2280; x_wconf 91' lang='lat' dir='ltr'>operam</span> <span class='ocrx_word' id='word_1_167' title='bbox 1722 2214 1779 2263; x_wconf 92' lang='lat' dir='ltr'>in</span> <span class='ocrx_word' id='word_1_168' title='bbox 1819 2215 2072 2282; x_wconf 87' lang='lat' dir='ltr'>improvi-</span> 
     </span>
     <span class='ocr_line' id='line_1_22' title="bbox 151 2294 2072 2366; baseline 0.002 -19"><span class='ocrx_word' id='word_1_169' title='bbox 151 2297 276 2347; x_wconf 90' lang='lat' dir='ltr'>dam</span> <span class='ocrx_word' id='word_1_170' title='bbox 318 2296 625 2363; x_wconf 87' lang='lat' dir='ltr'>praesertim</span> <span class='ocrx_word' id='word_1_171' title='bbox 662 2294 1006 2362; x_wconf 89' lang='lat' dir='ltr'>juventutem</span> <span class='ocrx_word' id='word_1_172' title='bbox 1049 2296 1417 2363; x_wconf 91' lang='lat' dir='ltr'>decipiendam</span> <span class='ocrx_word' id='word_1_173' title='bbox 1461 2314 1522 2347; x_wconf 91' lang='lat' dir='ltr'>ac</span> <span class='ocrx_word' id='word_1_174' title='bbox 1562 2299 1969 2366; x_wconf 89' lang='lat' dir='ltr'>depravandam,</span> <span class='ocrx_word' id='word_1_175' title='bbox 2007 2304 2072 2351; x_wconf 91' lang='lat' dir='ltr'>ut</span> 
     </span>
     <span class='ocr_line' id='line_1_23' title="bbox 151 2380 2070 2452; baseline 0.002 -19"><span class='ocrx_word' id='word_1_176' title='bbox 151 2399 306 2451; x_wconf 88' lang='lat' dir='ltr'>supra</span> <span class='ocrx_word' id='word_1_177' title='bbox 344 2381 636 2442; x_wconf 82' lang='lat' dir='ltr'>innuimuS,</span> <span class='ocrx_word' id='word_1_178' title='bbox 678 2396 880 2447; x_wconf 90' lang='lat' dir='ltr'>semper</span> <span class='ocrx_word' id='word_1_179' title='bbox 919 2380 1279 2444; x_wconf 89' lang='lat' dir='ltr'>contulerunt,</span> <span class='ocrx_word' id='word_1_180' title='bbox 1304 2399 1621 2451; x_wconf 92' lang='lat' dir='ltr'>omnemque</span> <span class='ocrx_word' id='word_1_181' title='bbox 1648 2401 1794 2451; x_wconf 93' lang='lat' dir='ltr'>spem</span> <span class='ocrx_word' id='word_1_182' title='bbox 1821 2385 1877 2435; x_wconf 90' lang='lat' dir='ltr'>in</span> <span class='ocrx_word' id='word_1_183' title='bbox 1902 2385 2070 2452; x_wconf 90' lang='lat' dir='ltr'>ipsius</span> 
     </span>
     <span class='ocr_line' id='line_1_24' title="bbox 148 2465 2071 2538; baseline 0.002 -19"><span class='ocrx_word' id='word_1_184' title='bbox 148 2467 443 2536; x_wconf 86' lang='lat' dir='ltr'>juventutis</span> <span class='ocrx_word' id='word_1_185' title='bbox 486 2465 782 2533; x_wconf 83' lang='lat' dir='ltr'>corruptela</span> <span class='ocrx_word' id='word_1_186' title='bbox 825 2465 1166 2518; x_wconf 84' lang='lat' dir='ltr'>collocarunt.</span> <span class='ocrx_word' id='word_1_187' title='bbox 1243 2465 1498 2527; x_wconf 80' lang='lat' dir='ltr'>Quocirca</span> <span class='ocrx_word' id='word_1_188' title='bbox 1540 2485 1815 2538; x_wconf 88' lang='lat' dir='ltr'>nunquam</span> <span class='ocrx_word' id='word_1_189' title='bbox 1866 2476 2071 2522; x_wconf 90' lang='lat' dir='ltr'>cessant</span> 
     </span>
     <span class='ocr_line' id='line_1_25' title="bbox 148 2551 2070 2620; baseline 0.002 -16"><span class='ocrx_word' id='word_1_190' title='bbox 148 2558 437 2620; x_wconf 90' lang='lat' dir='ltr'>utrumque</span> <span class='ocrx_word' id='word_1_191' title='bbox 462 2551 680 2614; x_wconf 90' lang='lat' dir='ltr'>clerum,</span> <span class='ocrx_word' id='word_1_192' title='bbox 701 2568 765 2601; x_wconf 87' lang='lat' dir='ltr'>ex</span> <span class='ocrx_word' id='word_1_193' title='bbox 790 2568 913 2619; x_wconf 90' lang='lat' dir='ltr'>qu0,</span> <span class='ocrx_word' id='word_1_194' title='bbox 933 2551 1103 2603; x_wconf 90' lang='lat' dir='ltr'>veluti</span> <span class='ocrx_word' id='word_1_195' title='bbox 1131 2553 1422 2603; x_wconf 89' lang='lat' dir='ltr'>certissima</span> <span class='ocrx_word' id='word_1_196' title='bbox 1447 2553 1698 2606; x_wconf 89' lang='lat' dir='ltr'>historiae</span> <span class='ocrx_word' id='word_1_197' title='bbox 1722 2562 2070 2608; x_wconf 86' lang='lat' dir='ltr'>monumenta</span> 
     </span>
     <span class='ocr_line' id='line_1_26' title="bbox 150 2637 2069 2708; baseline 0.002 -17"><span class='ocrx_word' id='word_1_198' title='bbox 150 2638 423 2708; x_wconf 88' lang='lat' dir='ltr'>splendide</span> <span class='ocrx_word' id='word_1_199' title='bbox 449 2640 731 2700; x_wconf 71' lang='lat' dir='ltr'>testantur,</span> <span class='ocrx_word' id='word_1_200' title='bbox 762 2640 848 2687; x_wconf 89' lang='lat' dir='ltr'>tot</span> <span class='ocrx_word' id='word_1_201' title='bbox 884 2654 1079 2706; x_wconf 89' lang='lat' dir='ltr'>magna</span> <span class='ocrx_word' id='word_1_202' title='bbox 1116 2637 1175 2687; x_wconf 92' lang='lat' dir='ltr'>in</span> <span class='ocrx_word' id='word_1_203' title='bbox 1216 2638 1575 2704; x_wconf 85' lang='lat' dir='ltr'>christianam,</span> <span class='ocrx_word' id='word_1_204' title='bbox 1614 2641 1842 2703; x_wconf 89' lang='lat' dir='ltr'>civilem,</span> <span class='ocrx_word' id='word_1_205' title='bbox 1884 2648 1937 2693; x_wconf 92' lang='lat' dir='ltr'>et</span> <span class='ocrx_word' id='word_1_206' title='bbox 1977 2643 2069 2694; x_wconf 90' lang='lat' dir='ltr'>lit-</span> 
     </span>
     <span class='ocr_line' id='line_1_27' title="bbox 148 2721 2067 2796; baseline 0.002 -20"><span class='ocrx_word' id='word_1_207' title='bbox 148 2725 393 2776; x_wconf 89' lang='lat' dir='ltr'>terariam</span> <span class='ocrx_word' id='word_1_208' title='bbox 450 2721 833 2790; x_wconf 89' lang='lat' dir='ltr'>rempublicam</span> <span class='ocrx_word' id='word_1_209' title='bbox 893 2723 1169 2773; x_wconf 90' lang='lat' dir='ltr'>commoda</span> <span class='ocrx_word' id='word_1_210' title='bbox 1218 2724 1597 2789; x_wconf 87' lang='lat' dir='ltr'>redundarunt,</span> <span class='ocrx_word' id='word_1_211' title='bbox 1647 2727 2067 2796; x_wconf 90' lang='lat' dir='ltr'>quibuscumque</span> 
     </span>
     <span class='ocr_line' id='line_1_28' title="bbox 149 2806 2066 2879; baseline 0.003 -19"><span class='ocrx_word' id='word_1_212' title='bbox 149 2808 382 2860; x_wconf 87' lang='lat' dir='ltr'>infandis</span> <span class='ocrx_word' id='word_1_213' title='bbox 407 2806 579 2858; x_wconf 90' lang='lat' dir='ltr'>modis</span> <span class='ocrx_word' id='word_1_214' title='bbox 604 2806 864 2869; x_wconf 88' lang='lat' dir='ltr'>divexare,</span> <span class='ocrx_word' id='word_1_215' title='bbox 890 2811 946 2858; x_wconf 93' lang='lat' dir='ltr'>et</span> <span class='ocrx_word' id='word_1_216' title='bbox 972 2808 1189 2871; x_wconf 90' lang='lat' dir='ltr'>edicere,</span> <span class='ocrx_word' id='word_1_217' title='bbox 1214 2808 1392 2876; x_wconf 88' lang='lat' dir='ltr'>ipsum</span> <span class='ocrx_word' id='word_1_218' title='bbox 1429 2808 1639 2861; x_wconf 85' lang='lat' dir='ltr'>Clerum</span> <span class='ocrx_word' id='word_1_219' title='bbox 1678 2816 1711 2841; x_wconf 75' lang='lat'>‘⁶</span> <span class='ocrx_word' id='word_1_220' title='bbox 1727 2818 1916 2879; x_wconf 89' lang='lat' dir='ltr'>utpote</span> <span class='ocrx_word' id='word_1_221' title='bbox 1950 2832 2066 2865; x_wconf 88' lang='lat' dir='ltr'>vero</span> 
     </span>
     <span class='ocr_line' id='line_1_29' title="bbox 147 2892 2065 2963; baseline 0.002 -17"><span class='ocrx_word' id='word_1_222' title='bbox 147 2894 376 2962; x_wconf 82' lang='lat' dir='ltr'>utilique</span> <span class='ocrx_word' id='word_1_223' title='bbox 426 2892 680 2944; x_wconf 89' lang='lat' dir='ltr'>scientiae</span> <span class='ocrx_word' id='word_1_224' title='bbox 723 2896 778 2943; x_wconf 89' lang='lat' dir='ltr'>et</span> <span class='ocrx_word' id='word_1_225' title='bbox 821 2892 1100 2943; x_wconf 87' lang='lat' dir='ltr'>civilitatis</span> <span class='ocrx_word' id='word_1_226' title='bbox 1143 2895 1436 2963; x_wconf 90' lang='lat' dir='ltr'>progressui</span> <span class='ocrx_word' id='word_1_227' title='bbox 1483 2895 1763 2947; x_wconf 91' lang='lat' dir='ltr'>inimicum</span> <span class='ocrx_word' id='word_1_228' title='bbox 1810 2898 1876 2948; x_wconf 91' lang='lat' dir='ltr'>ab</span> <span class='ocrx_word' id='word_1_229' title='bbox 1918 2901 2065 2949; x_wconf 91' lang='lat' dir='ltr'>omni</span> 
     </span>
     <span class='ocr_line' id='line_1_30' title="bbox 147 2977 2067 3047; baseline 0.001 -16"><span class='ocrx_word' id='word_1_230' title='bbox 147 2979 443 3047; x_wconf 87' lang='lat' dir='ltr'>juventutis</span> <span class='ocrx_word' id='word_1_231' title='bbox 466 2978 830 3029; x_wconf 89' lang='lat' dir='ltr'>instituendae</span> <span class='ocrx_word' id='word_1_232' title='bbox 864 2977 1271 3046; x_wconf 90' lang='lat' dir='ltr'>educandaeque</span> <span class='ocrx_word' id='word_1_233' title='bbox 1310 2996 1433 3030; x_wconf 91' lang='lat' dir='ltr'>cura</span> <span class='ocrx_word' id='word_1_234' title='bbox 1471 2985 1526 3031; x_wconf 90' lang='lat' dir='ltr'>et</span> <span class='ocrx_word' id='word_1_235' title='bbox 1564 2981 1733 3032; x_wconf 91' lang='lat' dir='ltr'>officio</span> <span class='ocrx_word' id='word_1_236' title='bbox 1776 2999 1882 3032; x_wconf 89' lang='lat' dir='ltr'>esse</span> <span class='ocrx_word' id='word_1_237' title='bbox 1922 3000 2067 3034; x_wconf 89' lang='lat' dir='ltr'>amo-</span> 
     </span>
    </p>
   </div>
   <div class='ocr_carea' id='block_1_4' title="bbox 148 3060 2061 3213">
    <p class='ocr_par' dir='ltr' id='par_1_4' title="bbox 148 3060 2061 3213">
     <span class='ocr_line' id='line_1_31' title="bbox 148 3060 426 3118; baseline 0 -6"><span class='ocrx_word' id='word_1_238' title='bbox 148 3060 426 3118; x_wconf 88' lang='lat' dir='ltr'>vendum.”</span> 
     </span>
     <span class='ocr_line' id='line_1_32' title="bbox 288 3145 2061 3213; baseline 0.002 -16"><span class='ocrx_word' id='word_1_239' title='bbox 288 3146 364 3198; x_wconf 88' lang='lat' dir='ltr'>At</span> <span class='ocrx_word' id='word_1_240' title='bbox 386 3163 504 3197; x_wconf 89' lang='lat' dir='ltr'>vero</span> <span class='ocrx_word' id='word_1_241' title='bbox 530 3145 624 3196; x_wconf 90' lang='lat' dir='ltr'>alii</span> <span class='ocrx_word' id='word_1_242' title='bbox 649 3146 1000 3196; x_wconf 90' lang='lat' dir='ltr'>instaurantes</span> <span class='ocrx_word' id='word_1_243' title='bbox 1024 3163 1184 3213; x_wconf 91' lang='lat' dir='ltr'>prava</span> <span class='ocrx_word' id='word_1_244' title='bbox 1209 3164 1268 3197; x_wconf 91' lang='lat' dir='ltr'>ac</span> <span class='ocrx_word' id='word_1_245' title='bbox 1295 3147 1455 3198; x_wconf 91' lang='lat' dir='ltr'>toties</span> <span class='ocrx_word' id='word_1_246' title='bbox 1475 3148 1727 3198; x_wconf 89' lang='lat' dir='ltr'>damnata</span> <span class='ocrx_word' id='word_1_247' title='bbox 1752 3155 2061 3200; x_wconf 85' lang='lat' dir='ltr'>novatorum</span> 
     </span>
    </p>
   </div>
   <div class='ocr_carea' id='block_1_5' title="bbox 147 3231 2065 3556">
    <p class='ocr_par' dir='ltr' id='par_1_5' title="bbox 147 3231 2065 3556">
     <span class='ocr_line' id='line_1_33' title="bbox 147 3231 2065 3301; baseline 0.001 -17"><span class='ocrx_word' id='word_1_248' title='bbox 147 3236 464 3294; x_wconf 85' lang='lat' dir='ltr'>commenta,</span> <span class='ocrx_word' id='word_1_249' title='bbox 503 3231 702 3300; x_wconf 86' lang='lat' dir='ltr'>insigni</span> <span class='ocrx_word' id='word_1_250' title='bbox 739 3231 1078 3298; x_wconf 90' lang='lat' dir='ltr'>impudentia</span> <span class='ocrx_word' id='word_1_251' title='bbox 1114 3232 1313 3281; x_wconf 89' lang='lat' dir='ltr'>audent</span> <span class='ocrx_word' id='word_1_252' title='bbox 1352 3232 1617 3283; x_wconf 88' lang='lat' dir='ltr'>Ecclesiae</span> <span class='ocrx_word' id='word_1_253' title='bbox 1657 3238 1709 3284; x_wconf 92' lang='lat' dir='ltr'>et</span> <span class='ocrx_word' id='word_1_254' title='bbox 1741 3234 1898 3301; x_wconf 70' lang='lat' dir='ltr'>hujus</span> <span class='ocrx_word' id='word_1_255' title='bbox 1925 3236 2065 3301; x_wconf 85' lang='lat' dir='ltr'>Apo-</span> 
     </span>
     <span class='ocr_line' id='line_1_34' title="bbox 148 3316 2062 3383; baseline 0.001 -15"><span class='ocrx_word' id='word_1_256' title='bbox 148 3318 363 3368; x_wconf 88' lang='lat' dir='ltr'>stolicae</span> <span class='ocrx_word' id='word_1_257' title='bbox 414 3316 564 3367; x_wconf 82' lang='lat' dir='ltr'>Sedis</span> <span class='ocrx_word' id='word_1_258' title='bbox 615 3333 913 3383; x_wconf 90' lang='lat' dir='ltr'>supremam</span> <span class='ocrx_word' id='word_1_259' title='bbox 972 3318 1346 3366; x_wconf 90' lang='lat' dir='ltr'>auctoritatem</span> <span class='ocrx_word' id='word_1_260' title='bbox 1397 3334 1429 3367; x_wconf 92' lang='lat' dir='ltr'>a</span> <span class='ocrx_word' id='word_1_261' title='bbox 1480 3317 1684 3368; x_wconf 92' lang='lat' dir='ltr'>Christo</span> <span class='ocrx_word' id='word_1_262' title='bbox 1736 3318 1963 3369; x_wconf 90' lang='lat' dir='ltr'>Domino</span> <span class='ocrx_word' id='word_1_263' title='bbox 2014 3320 2062 3370; x_wconf 92' lang='lat' dir='ltr'>ei</span> 
     </span>
     <span class='ocr_line' id='line_1_35' title="bbox 147 3402 2062 3470; baseline 0 -16"><span class='ocrx_word' id='word_1_264' title='bbox 147 3403 405 3454; x_wconf 86' lang='lat' dir='ltr'>tributam</span> <span class='ocrx_word' id='word_1_265' title='bbox 430 3402 603 3453; x_wconf 89' lang='lat' dir='ltr'>civilis</span> <span class='ocrx_word' id='word_1_266' title='bbox 629 3402 964 3453; x_wconf 90' lang='lat' dir='ltr'>auctoritatis</span> <span class='ocrx_word' id='word_1_267' title='bbox 990 3402 1206 3453; x_wconf 90' lang='lat' dir='ltr'>arbitrio</span> <span class='ocrx_word' id='word_1_268' title='bbox 1233 3403 1505 3470; x_wconf 88' lang='lat' dir='ltr'>subjicere,</span> <span class='ocrx_word' id='word_1_269' title='bbox 1535 3408 1590 3453; x_wconf 92' lang='lat' dir='ltr'>et</span> <span class='ocrx_word' id='word_1_270' title='bbox 1620 3404 1799 3453; x_wconf 90' lang='lat' dir='ltr'>omnia</span> <span class='ocrx_word' id='word_1_271' title='bbox 1828 3404 2062 3470; x_wconf 90' lang='lat' dir='ltr'>ejusdem</span> 
     </span>
     <span class='ocr_line' id='line_1_36' title="bbox 148 3478 2061 3556; baseline 0.001 -18"><span class='ocrx_word' id='word_1_272' title='bbox 148 3478 410 3540; x_wconf 85' lang='lat' dir='ltr'>Ecclesiae</span> <span class='ocrx_word' id='word_1_273' title='bbox 454 3493 509 3539; x_wconf 93' lang='lat' dir='ltr'>et</span> <span class='ocrx_word' id='word_1_274' title='bbox 553 3487 703 3539; x_wconf 86' lang='lat' dir='ltr'>Sedis</span> <span class='ocrx_word' id='word_1_275' title='bbox 741 3487 862 3555; x_wconf 91' lang='lat' dir='ltr'>jura</span> <span class='ocrx_word' id='word_1_276' title='bbox 904 3489 1161 3556; x_wconf 89' lang='lat' dir='ltr'>denegare</span> <span class='ocrx_word' id='word_1_277' title='bbox 1205 3489 1340 3538; x_wconf 91' lang='lat' dir='ltr'>circa</span> <span class='ocrx_word' id='word_1_278' title='bbox 1384 3506 1444 3539; x_wconf 90' lang='lat' dir='ltr'>ea</span> <span class='ocrx_word' id='word_1_279' title='bbox 1482 3506 1613 3556; x_wconf 88' lang='lat' dir='ltr'>quae</span> <span class='ocrx_word' id='word_1_280' title='bbox 1651 3490 1717 3539; x_wconf 89' lang='lat' dir='ltr'>ad</span> <span class='ocrx_word' id='word_1_281' title='bbox 1755 3490 2061 3539; x_wconf 77' lang='lat' dir='ltr'>exteriorem</span> 
     </span>
    </p>
   </div>
   <div class='ocr_carea' id='block_1_6' title="bbox 148 3573 2061 3725">
    <p class='ocr_par' dir='ltr' id='par_1_6' title="bbox 148 3573 2061 3725">
     <span class='ocr_line' id='line_1_37' title="bbox 148 3573 2061 3642; baseline -0.001 -16"><span class='ocrx_word' id='word_1_282' title='bbox 148 3574 382 3626; x_wconf 88' lang='lat' dir='ltr'>ordinem</span> <span class='ocrx_word' id='word_1_283' title='bbox 431 3574 718 3642; x_wconf 90' lang='lat' dir='ltr'>pertinent.</span> <span class='ocrx_word' id='word_1_284' title='bbox 814 3573 1059 3641; x_wconf 92' lang='lat' dir='ltr'>Namque</span> <span class='ocrx_word' id='word_1_285' title='bbox 1108 3575 1247 3641; x_wconf 90' lang='lat' dir='ltr'>ipsos</span> <span class='ocrx_word' id='word_1_286' title='bbox 1296 3574 1519 3625; x_wconf 90' lang='lat' dir='ltr'>minime</span> <span class='ocrx_word' id='word_1_287' title='bbox 1569 3575 1734 3641; x_wconf 89' lang='lat' dir='ltr'>pudet</span> <span class='ocrx_word' id='word_1_288' title='bbox 1788 3574 2061 3637; x_wconf 88' lang='lat' dir='ltr'>affirmare,</span> 
     </span>
     <span class='ocr_line' id='line_1_38' title="bbox 148 3654 2061 3725; baseline 0 -19"><span class='ocrx_word' id='word_1_289' title='bbox 148 3654 463 3706; x_wconf 81' lang='lat' dir='ltr'>“Ecclesiae</span> <span class='ocrx_word' id='word_1_290' title='bbox 487 3655 629 3724; x_wconf 89' lang='lat' dir='ltr'>leges</span> <span class='ocrx_word' id='word_1_291' title='bbox 655 3671 759 3706; x_wconf 89' lang='lat' dir='ltr'>non</span> <span class='ocrx_word' id='word_1_292' title='bbox 786 3655 1015 3725; x_wconf 89' lang='lat' dir='ltr'>obligare</span> <span class='ocrx_word' id='word_1_293' title='bbox 1051 3656 1106 3706; x_wconf 91' lang='lat' dir='ltr'>in</span> <span class='ocrx_word' id='word_1_294' title='bbox 1145 3656 1484 3718; x_wconf 84' lang='lat' dir='ltr'>conscientia,</span> <span class='ocrx_word' id='word_1_295' title='bbox 1523 3657 1624 3707; x_wconf 89' lang='lat' dir='ltr'>nisi</span> <span class='ocrx_word' id='word_1_296' title='bbox 1667 3674 1787 3706; x_wconf 92' lang='lat' dir='ltr'>cum</span> <span class='ocrx_word' id='word_1_297' title='bbox 1830 3656 2061 3722; x_wconf 90' lang='lat' dir='ltr'>promul-</span> 
     </span>
    </p>
   </div>
  </div>
 </body>
</html>
