2514 4504
467 387 587 452 170
1018 403 1175 445 eorm.
1223 401 1386 443 Paov.
1432 400 1652 444 wms'rM.
1698 401 1784 442 111.

600 551 699 602 IX.
750 551 985 602 Tandem
1027 554 1090 600 ut
1127 548 1288 599 finem
1330 547 1457 599 huic
1507 546 1736 598 sermoni
1785 546 2020 612 aliquem
2068 561 2358 613 ponamus;

457 638 501 688 si
543 653 729 704 pueros
772 654 803 687 a
847 636 1032 704 primis
1071 636 1223 687 annis
1265 635 1323 687 in
1366 633 1571 702 pietate
1595 648 1657 682 ac
1681 631 1972 682 virtutibus
1995 629 2360 682 ecclesiasticis

457 722 679 773 enutriri
745 726 801 773 et
866 722 1059 773 erudiri
1108 721 1393 783 voluimUS‚
1441 721 1643 785 quanto
1691 717 1863 786 magis
1910 715 2256 784 provectiores
2304 718 2362 767 et

457 808 758 876 vegetioreS‚
801 824 907 859 non
946 808 1177 875 amplius
1216 807 1354 858 lacte
1396 805 1484 856 sed
1527 804 1645 855 cibo
1671 803 1895 854 fortium
1920 808 2098 870 pastos
2118 801 2361 870 cupimus

456 893 649 943 videre.
741 892 1151 962 Progrediamur
1197 908 1338 943 nunc
1386 890 1452 941 de
1494 889 1695 940 virtute
1743 887 1801 938 in
1851 887 2128 949 virtutem,
2174 886 2362 937 altiora

457 980 662 1044 petant,
725 978 793 1028 ad
855 978 1028 1029 Deum
1077 978 1344 1029 innovatis
1390 973 1669 1027 conatibus
1716 973 1932 1041 propius
1979 972 2251 1036 accedant,
2297 974 2363 1022 ut

457 1060 784 1113 haereditate
808 1079 970 1130 quam
995 1063 1370 1131 appetiverunt
1394 1060 1548 1129 digni
1572 1058 1931 1111 inveniantur.

598 1147 757 1198 Nunc
817 1149 882 1199 de
941 1149 1098 1200 modo
1153 1147 1498 1215 promovendi
1576 1146 1636 1196 in
1685 1144 1923 1196 Ecclesia
1988 1141 2212 1212 gloriam
2258 1140 2362 1194 Dei

458 1236 616 1300 atque
664 1233 963 1284 animarum
1013 1233 1257 1295 salutem,
1306 1236 1363 1283 et
1410 1230 1740 1300 propagandi
1778 1245 1903 1299 erga
1951 1227 2362 1280 Divinissimum

458 1319 821 1370 Eucharistiae
878 1318 1279 1370 Sacramentum
1335 1318 1609 1369 ardentem
1662 1316 1939 1385 pietatem,
1987 1330 2112 1383 erga
2161 1312 2363 1364 Imma-

459 1405 691 1456 culatam
727 1404 828 1454 Dei
878 1402 1206 1454 Genitricem
1237 1402 1468 1454 Mariam
1492 1401 1834 1453 tenerrimam
1858 1399 2212 1461 devotionem,
2237 1400 2363 1453 sunt-

457 1492 628 1558 magis
669 1490 945 1558 magisque
986 1487 1301 1551 instruendi,
1342 1488 1423 1538 ita
1462 1490 1526 1538 ut
1569 1487 1812 1537 omnium
1854 1488 2062 1536 mentes
2102 1483 2362 1535 charitate

459 1580 514 1626 et
580 1575 690 1626 zelo
757 1572 1172 1624 inflammentur.
1272 1571 1425 1632 Quod
1483 1572 1528 1622 si
1577 1570 1861 1638 aliquoties
1910 1569 2202 1638 Episcopus
2247 1569 2363 1637 ipse

458 1661 656 1727 poterit
704 1658 1074 1710 collationibus
1123 1656 1320 1708 talibus
1368 1657 1435 1708 de
1483 1656 1635 1707 rebus
1683 1655 1997 1724 praesidere,
2044 1659 2101 1706 et-
2151 1670 2363 1706 suorum

459 1746 732 1796 verborum
769 1745 876 1794 vim
920 1746 976 1794 et
1017 1743 1246 1810 gratiam
1288 1745 1569 1810 praestare,
1607 1741 1746 1791 nihil
1788 1740 1997 1803 melius,
2021 1738 2160 1792 nihil
2184 1741 2363 1808 aptius

458 1834 634 1881 nostro
663 1829 871 1896 judicio
912 1828 1198 1896 excogitari
1241 1831 1435 1895 potest,
1470 1827 1537 1878 ad
1563 1827 1761 1878 clerum
1787 1825 1996 1898 Spiritu
2017 1824 2120 1878 Dei
2142 1825 2362 1896 plenum

459 1916 516 1966 in
539 1914 731 1966 nostris
754 1912 1018 1969 hodiernis
1043 1910 1293 1982 Collegiis
1318 1912 1672 1964 educandum.

1119 2099 1523 2154 DECRETUM
1572 2100 1694 2154 XV.

1016 2243 1098 2299 De
1150 2245 1523 2316 Colleyiomom
1571 2246 1884 2318 Reqmv’me.

602 2384 874 2435 Hactenus
916 2383 982 2435 de
1024 2383 1306 2452 disciplina
1353 2386 1563 2436 interna
1587 2384 1754 2436 trium
1774 2383 2129 2455 Collegiorum
2152 2383 2364 2453 loquuti

460 2486 659 2532 sumuS,
694 2473 751 2520 et
789 2484 911 2520 cum
952 2469 1176 2520 maximi
1218 2470 1479 2520 momenti
1519 2470 1591 2521 sit
1631 2473 1694 2520 ut
1730 2485 1910 2520 eorum
1934 2469 2182 2538 regimini
2224 2473 2365 2522 recte

460 2556 685 2625 gerendo
722 2554 1088 2621 prospiciatur,
1138 2558 1298 2621 atque
1341 2559 1404 2605 ut
1437 2554 1580 2622 jura,
1627 2572 1991 2623 quaecumque
2040 2572 2102 2606 ea
2148 2555 2365 2619 fuerint,

460 2647 574 2692 tam
617 2641 997 2708 Episcoporum
1039 2640 1098 2690 in
1140 2656 1365 2706 quorum
1390 2639 1728 2692 Dioecesibus
1756 2639 1991 2709 Collegia
2015 2642 2363 2709 reperiuntur,

461 2744 622 2795 quam
660 2726 883 2776 aliorum
921 2725 981 2776 in
1023 2726 1089 2776 iis
1133 2726 1381 2778 interesse
1425 2725 1742 2777 habentium
1785 2743 1954 2793 aequa
1996 2726 2199 2777 ratione
2223 2743 2366 2777 com-

462 2815 741 2879 ponantur,
780 2827 996 2878 sequens
1035 2810 1315 2861 methodus
1358 2814 1572 2878 propter
1610 2810 1865 2878 adjuncta
1907 2810 2157 2878 specialia
2198 2811 2364 2862 trium

464 2895 832 2963 Collegiorum‚
875 2895 1162 2945 dummodo
1209 2895 1482 2945 accesserit
1525 2893 1579 2945 S.
1625 2893 1776 2946 Sedis
1819 2895 2054 2958 licentia,
2080 2894 2366 2958 stabilitur,

465 2982 544 3030 ita
584 2984 766 3029 tamen
803 2983 867 3029 ut
904 2979 1033 3030 haec
1075 2979 1354 3030 methodus
1397 2980 1587 3030 debeat
1630 2980 1741 3030 vim
1783 2980 1972 3031 habere
2011 2996 2103 3047 per
2145 2980 2364 3030 modum

465 3064 775 3133 provisionis
817 3064 885 3113 ad
923 3067 1133 3130 tempus
1176 3063 1366 3126 factae,
1406 3064 1570 3114 donec
1615 3063 1669 3116 S.
1712 3062 1870 3115 Sedes
1905 3080 2023 3114 eam
2046 3063 2366 3115 revocaverit

469 3154 525 3200 et
591 3141 876 3199 dummodo
939 3147 1242 3198 nullatenus
1306 3147 1570 3214 impediat
1636 3148 1721 3199 vel
1769 3152 2000 3200 moretur
2049 3149 2366 3199 erectionem

468 3233 878 3286 Seminariorum
943 3232 1002 3282 in
1069 3231 1291 3300 singulis
1357 3231 1693 3283 Dioecesibus
1750 3233 1820 3283 ad
1868 3234 2091 3284 formam
2142 3230 2366 3284 Concilii

466 3317 767 3369 Tridentini
791 3317 1186 3384 quamprimum
1210 3315 1599 3382 perficiendam.

615 3405 662 3453 1.
713 3401 822 3452 Soli
849 3400 1123 3452 Ordinario
1159 3399 1469 3451 Dioeceseos
1504 3402 1561 3451 in
1601 3417 1706 3469 qua
1748 3400 2043 3470 Collegium
2084 3402 2250 3451 situm
2285 3402 2367 3451 est

470 3487 729 3556 competit
744 3486 1049 3554 jurisdictio
1075 3489 1130 3535 et
1156 3500 1279 3534 cura
1304 3485 1595 3551 spiritualis
1623 3485 1865 3555 Collegii.

613 3575 662 3624 2.
711 3571 747 3624 J
748 3589 811 3623 us
834 3575 890 3622 et
914 3571 1199 3622 auctoritas
1224 3570 1502 3621 ordinandi
1528 3574 1583 3621 et
1612 3570 1920 3621 moderandi
1958 3573 2160 3620 statum
2194 3571 2364 3620 mate-

471 3658 654 3709 rialem
690 3660 746 3708 et
781 3656 1143 3724 temporalem,
1179 3655 1371 3718 studia,
1396 3656 1651 3723 regimen,
1675 3659 1731 3706 et
1764 3654 2100 3722 disciplinam
2139 3651 2363 3721 collegii
