2514 4504
461 430 542 490 86
1036 447 1191 490 CONC.
1239 444 1407 489 PRov.
1456 446 1680 490 wsser.
1727 447 1767 488 1.

1366 691 1442 743 II.

512 867 609 920 DE
644 867 863 921 MISSA
900 867 1042 921 PRO
1080 865 1368 921 POPULO
1406 866 1495 917 IN·
1526 865 1778 920 FESTIS
1815 865 2294 944 APPLICANDA.

453 1046 766 1098 Beatissime
800 1045 977 1107 Pater,

594 1150 727 1202 Cum
746 1152 805 1201 in
829 1150 965 1201 clero
984 1148 1207 1216 Angliae
1233 1150 1348 1199 orta
1372 1144 1534 1198 fuerit
1557 1161 1622 1198 ex
1645 1146 1796 1214 parte
1819 1144 2046 1198 aliorum
2070 1138 2354 1199 difficultas

451 1239 507 1287 et
547 1235 803 1296 anxietae,
845 1237 901 1284 et
941 1250 1005 1283 ex
1046 1236 1194 1299 parte
1243 1231 1469 1282 aliorum
1517 1229 1850 1300 negligentia
1896 1231 2175 1299 irrepserit,
2217 1231 2356 1283 circa

449 1319 860 1387 applicationem
908 1317 1103 1368 Missae
1147 1332 1255 1384 pro
1295 1313 1532 1384 popuZO,
1574 1315 1760 1366 diebus
1802 1315 2005 1366 festivis
2052 1315 2356 1384 suppressiS,

451 1405 701 1472 Episcopi
725 1403 923 1454 Vicarii
948 1402 1240 1470 Apostolici
1264 1402 1331 1452 ad
1355 1402 1514 1469 pedes
1555 1400 1871 1454 Sanctitatis
1910 1402 2054 1456 Tuae
2083 1403 2356 1472 ¹provoluti

450 1489 750 1540 humillime
773 1492 969 1556 petunt
993 1492 1057 1538 ut
1082 1487 1310 1556 benigne
1335 1487 1586 1555 dignetur
1610 1487 1868 1539 declarare
1892 1492 2074 1540 utrum
2100 1488 2358 1558 obligatio

449 1574 608 1642 hujus
631 1574 1002 1642 applicationis
1035 1574 1275 1625 restricta
1300 1573 1372 1624 sit
1395 1573 1545 1624 festis
1574 1572 1691 1640 jam
1716 1573 2002 1625 observatis
2025 1573 2092 1625 ab
2114 1574 2358 1626 universa

450 1658 702 1723 Ecclesia,
727 1660 811 1710 vel
837 1660 1002 1711 etiam
1026 1660 1092 1711 iis
1118 1675 1251 1727 quae
1284 1660 1343 1710 in
1385 1659 1494 1710 sola
1535 1658 1732 1728 Anglia
1770 1659 2091 1723 colebantur,
2117 1675 2358 1727 quaeque

451 1744 680 1812 plurima
714 1760 931 1795 numero
969 1744 1184 1795 fuerunt
1218 1747 1345 1796 ante
1381 1743 1647 1795 saeculum
1690 1755 1810 1794 XVI.
1847 1743 2058 1814 Rogant
2094 1747 2359 1812 praeterea

449 1834 515 1880 ut
563 1828 829 1881 Sanctitas
879 1829 1011 1892 Tua,
1052 1833 1263 1880 attenta
1310 1845 1445 1896 quae
1493 1829 1560 1879 de
1607 1829 1706 1879 hac
1755 1829 2080 1898 obligatione
2127 1828 2359 1880 invaluit

450 1914 769 1983 ignorantia,
794 1913 928 1964 velit
965 1930 1059 1981 pro
1103 1930 1197 1965 sua
1237 1919 1457 1981 paterna
1490 1913 1825 1982 indulgentia
1863 1915 2155 1966 condonare
2185 1913 2358 1980 quoad

450 1999 812 2066 praeteritum,
835 1999 1088 2066 imposito
1118 2015 1272 2050 onere
1309 1999 1605 2050 celebrandi
1637 1999 1915 2051 duodecim
1947 1999 2138 2051 Missas
2173 1999 2241 2050 iis
2265 1999 2359 2067 qui

450 2080 576 2130 dum
604 2096 782 2130 curam
806 2079 1062 2130 haberent
1086 2080 1386 2131 animarum
1410 2080 1576 2131 talem
1612 2081 2027 2148 applicationem
2065 2081 2357 2133 omiserint.

451 2165 526 2215 Et
549 2165 978 2232 quandoquidem
1015 2164 1073 2214 in
1098 2164 1285 2215 multis
1324 2164 1669 2216 Missionibus
1693 2181 1755 2216 ea
1779 2165 2068 2233 applicatio
2092 2166 2150 2216 in
2174 2165 2358 2218 diebus

451 2249 653 2300 festivis
678 2249 963 2316 suppressis
988 2247 1218 2300 difficilis
1244 2250 1435 2301 evadat
1471 2255 1686 2319 propter
1722 2251 1991 2302 defectum
2014 2250 2239 2318 alicujus
2262 2249 2360 2320 qui

452 2334 706 2385 sacerdoti
743 2333 966 2385 Missam
1005 2334 1288 2385 celebranti
1331 2335 1602 2397 inserviat,
1638 2335 1967 2403 supplicatur
2001 2339 2267 2402 praeterea
2294 2337 2360 2386 ut

452 2418 652 2486 singuli
698 2418 899 2469 Vicarii
947 2418 1240 2486 Apostolici
1288 2420 1492 2486 possint
1539 2436 1634 2487 pro
1676 2421 1874 2472 talibus
1923 2421 2267 2473 Missionibus
2302 2423 2360 2472 et

452 2503 736 2572 adjunctis,
764 2519 915 2570 super
940 2520 1001 2554 ea
1025 2503 1142 2571 lege
1167 2504 1612 2571 dispensationem
1636 2506 1917 2572 impertiri.
1993 2505 2180 2568 Quare,
2205 2509 2306 2558 ete.

594 2588 678 2639 Ex
695 2587 969 2639 audientia
990 2587 1337 2651 Sanctissimi,
1348 2588 1532 2640 habita
1551 2590 1638 2640 die
1656 2601 1758 2639 XIV
1777 2589 1982 2652 Martii,
1997 2601 2356 2642 MDGOOXLVII.

597 2672 970 2725 Sanctissimus
1038 2672 1297 2724 Dominus
1352 2672 1541 2725 Noster
1589 2674 1737 2738 Pius,
1785 2675 1967 2725 divina
2019 2673 2359 2726 Providentia

455 2758 563 2810 PP.
613 2757 714 2821 IX,
761 2757 1014 2808 referente
1061 2774 1147 2808 me
1195 2759 1527 2827 infrascripto
1577 2758 1762 2810 Sacrae
1813 2758 2246 2827 Congregationis
2293 2758 2358 2810 de

455 2843 797 2913 Propaganda
821 2842 954 2894 Fide
987 2843 1278 2907 secretario,
1302 2843 1567 2912 perpensis
1601 2843 1870 2911 expositis,
1894 2843 2119 2914 benigne
2149 2842 2359 2908 annuit,

457 2928 521 2975 ut
545 2926 780 2992 sequitur
801 2943 814 2976 z

603 3010 650 3059 1.
687 3007 956 3060 Concessit
973 3008 1183 3059 veniam
1207 3026 1299 3076 pro
1317 3012 1553 3078 tempore
1570 3009 1873 3077 praeterito,
1887 3007 2039 3060 firma
2055 3011 2359 3062 remanente

459 3092 782 3162 obligatione
805 3109 900 3159 pro
924 3092 1074 3144 festis
1098 3092 1412 3143 actualibuS.

603 3179 654 3229 2.
693 3175 841 3228 Circa
865 3194 985 3228 vero
1009 3178 1143 3227 festa
1169 3193 1437 3244 suppressa
1475 3175 1741 3229 Sanctitas
1776 3176 1885 3230 Sua
1908 3179 2097 3241 voluit,
2120 3182 2184 3230 ut
2207 3177 2360 3230 firma

461 3265 727 3313 remaneat
751 3261 1005 3328 obligatio
1028 3277 1121 3327 pro
1146 3260 1254 3310 illis
1279 3277 1415 3328 quae
1440 3263 1725 3329 suppressit
1748 3263 1805 3312 in
1831 3263 2026 3332 Anglia
2049 3263 2191 3314 VIII
2229 3263 2358 3315 Pius

463 3345 517 3397 S.
544 3345 621 3395 M.
695 3345 761 3401 In
802 3344 1017 3410 reliquis
1059 3345 1242 3394 eadem
1287 3344 1553 3396 Sanctitas
1590 3331 1710 3397 Sua⁴
1728 3347 1975 3410 declarat,
1999 3351 2062 3397 ut
2102 3347 2358 3417 obligatio

463 3428 830 3496 applicationis
878 3429 1066 3478 missae
1108 3429 1461 3495 adimpleatur
1508 3430 1575 3480 iis
1623 3431 1804 3481 diebus
1853 3432 1947 3498 qui
1995 3431 2360 3481 describuntur

465 3514 600 3563 circa
643 3511 802 3561 finem
841 3511 1088 3561 ordinarii
1133 3512 1375 3573 Romani,
1400 3529 1461 3562 ac
1500 3514 1556 3562 in
1601 3514 1749 3564 festis
1790 3514 1842 3564 S.
1886 3514 2127 3582 Gregorii
2170 3514 2357 3581 Magni

468 3596 689 3664 Angliae
715 3595 970 3661 Apostoli,
1015 3594 1068 3645 S.
1106 3595 1392 3662 Augustini
1419 3596 1531 3663 ejus
1555 3597 1823 3663 discipuli,
1859 3597 1911 3648 S.
1954 3598 2167 3665 Georgii
2210 3598 2358 3666 regni

467 3680 796 3740 ProtectoriS,
812 3696 872 3729 ac
889 3678 941 3730 S.
958 3678 1186 3729 Thomae
1204 3678 1590 3730 Cant-uariensis
1606 3680 1920 3731 Protectoris
1940 3681 2063 3731 cleri
2087 3681 2359 3731 saecularis

472 3763 705 3832 Angliae.
