2514 4504
942 504 1223 550 nncnn‘m.
1907 492 2027 558 227

132 677 237 714 non
280 660 407 711 satis
449 661 530 710 est
572 656 791 708 verbum
834 653 995 717 vitae,
1039 655 1096 704 et
1136 651 1205 704 ad
1247 652 1509 719 pietatem
1552 653 1918 719 incitamenta,
1962 659 2036 709 eis

133 750 347 799 tantum
382 744 476 812 qui
501 743 569 794 ad
605 758 699 792 nos
735 739 876 790 ultro
913 737 1169 789 accedant
1205 737 1411 798 offerre3
1450 738 1540 789 sed
1577 755 1698 791 oves
1733 743 2036 807 praesertim

132 832 381 902 perditae,
406 834 463 880 et
487 845 573 879 eos
598 827 691 895 qui
716 842 748 877 a
771 826 974 893 pietate
1012 823 1314 875 deficientes
1350 824 1407 874 in
1441 824 1696 875 vitiorum
1733 824 2036 879 barathrum

133 918 266 986 lapsi
292 919 348 967 et
372 913 595 965 demersi
621 915 763 976 sunt,
781 927 878 963 nec
895 926 1079 962 vocem
1096 909 1321 977 pastoris
1339 908 1523 960 audire
1547 909 1751 973 volunt,
1770 910 2038 977 exquirere

134 1007 190 1055 et
227 1002 285 1053 in
324 1003 588 1068 quantum
620 1012 898 1065 possumus
925 994 995 1047 ad
1017 994 1194 1046 Deum
1216 993 1460 1045 reducere
1484 998 1745 1045 tenemur.
1819 995 2038 1047 Accedit

133 1089 238 1142 alia
262 1087 331 1137 ad
354 1088 613 1136 nostrates
637 1082 928 1151 apostolica
950 1080 1151 1132 missio.
1224 1079 1411 1131 Plures
1444 1080 1589 1131 enim
1613 1081 1957 1133 inveniuntur
1980 1083 2037 1134 in

134 1173 345 1242 Anglia,
383 1171 477 1238 qui
518 1167 805 1222 Catholicis
844 1165 1172 1237 genitoribus
1211 1165 1334 1228 orti,
1362 1164 1469 1216 fide
1508 1165 1696 1217 saltem
1732 1170 1789 1218 et
1823 1168 2038 1220 nomine

133 1257 412 1320 Catholici,
449 1256 540 1307 sed
576 1255 636 1306 in
674 1252 1089 1305 acatholicorum
1129 1250 1587 1319 orphanotrophiis
1626 1252 1713 1303 vel
1751 1252 1809 1303 in
1848 1253 2037 1306 scholis

134 1345 232 1399 sub
278 1343 394 1412 lege
441 1339 658 1408 publica
714 1338 1025 1390 constitutis
1080 1337 1349 1400 instructi,
1398 1336 1715 1388 educatione
1763 1335 2037 1389 Catholica

138 1430 354 1485 omnino
379 1427 595 1496 privati,
620 1440 832 1477 omnem
868 1423 970 1475 Dei
1005 1421 1214 1474 cultum
1238 1422 1455 1490 penitus
1478 1422 1822 1490 reliquerunt.
1895 1423 2038 1476 Istae

134 1532 309 1570 revera
334 1516 459 1565 sunt
483 1527 602 1562 oves
636 1510 702 1561 de
735 1508 928 1577 quibus
961 1506 1203 1560 Salvator
1234 1506 1473 1574 loquitur
1505 1524 1629 1558 cum
1653 1508 1807 1572 dicit,
1830 1509 2038 1561 “Venit

135 1601 306 1654 Filius
351 1595 587 1650 hominis
636 1610 883 1662 quaerere
939 1596 997 1645 et
1053 1592 1258 1644 salvum
1316 1592 1484 1643 facere
1532 1593 1674 1661 quod
1722 1593 1995 1661 perierat.’'
2017 1596 2034 1627 ¹

134 1686 375 1753 Denique
399 1685 523 1734 ante
547 1680 999 1732 missionariorum
1022 1678 1199 1730 oculos
1223 1678 1460 1746 undique
1484 1680 1820 1746 protenditur
1842 1680 2037 1750 Anglia

134 1776 328 1834 nostra,
354 1784 497 1820 sacra
521 1767 669 1830 olim,
692 1765 804 1817 Deo
837 1764 1052 1829 dilecta,
1078 1767 1380 1816 sanctorum
1412 1763 1557 1815 ferax
1589 1765 1728 1816 sicut
1759 1764 2037 1818 Paradisus

133 1857 377 1917 Domini3
416 1853 575 1905 hodie
599 1851 818 1920 quidem
844 1851 1032 1902 misere
1064 1853 1295 1913 mutata,
1319 1849 1493 1901 adhuc
1517 1854 1698 1901 tamen
1722 1850 1957 1918 pulchra,
1982 1856 2038 1902 et

134 1947 345 2014 propter
369 1939 685 1992 Sanctorum
720 1936 1002 1987 memorias
1034 1951 1153 1987 cara
1188 1934 1369 1986 nimis.
1445 1934 1587 2003 Ergo
1616 1935 1798 1986 messis
1822 1936 2037 2003 quidem

134 2028 331 2088 multa3
367 2025 641 2077 albescunt
665 2024 892 2091 segetes:
930 2021 1293 2073 immittamus
1319 2020 1533 2081 falcem;
1567 2020 1867 2088 manipulos
1891 2022 2039 2075 colli-

134 2129 320 2183 gamus
344 2109 605 2161 indefessa
628 2107 911 2177 patientia,
937 2123 1029 2175 spe
1051 2106 1223 2170 firma,
1248 2106 1556 2174 inexplebili
1583 2106 1857 2160 charitate.

278 2200 328 2250 9.
367 2195 605 2264 Singulis
648 2193 1026 2261 quadrienniis,
1062 2192 1224 2260 juxta
1272 2192 1711 2243 constitutionem
1762 2190 1904 2245 Sixti
1952 2194 2038 2258 V.,

134 2285 429 2340 Romame
462 2278 748 2350 Pontifex,
776 2280 801 2348 §
827 2282 880 2343 4,
904 2278 1132 2349 Angliae
1169 2278 1422 2347 Episcopi
1446 2278 1638 2329 limina
1670 2278 2037 2346 Apostolorum

135 2372 350 2424 visitare
388 2371 654 2430 tenentur,
679 2370 736 2419 et
758 2365 1069 2418 relationem
1101 2382 1264 2434 quam
1288 2365 1522 2416 maxime
1539 2365 1846 2417 adcuratam
1865 2368 2039 2437 gregis

136 2458 238 2511 sibi
274 2455 542 2508 commissi
578 2470 787 2505 summo
823 2451 1077 2504 Pontifici
1113 2451 1374 2504 exhibere.
1451 2451 1603 2514 Quod
1640 2455 1706 2503 ut
1742 2456 1884 2504 recte
1924 2452 2040 2518 fiat,

136 2558 343 2595 necesse
376 2540 595 2591 omnino
626 2542 708 2591 est
738 2541 805 2590 ut
835 2542 1058 2590 rectores
1096 2537 1436 2590 ecclesiarum
1476 2540 1532 2589 et
1568 2537 1886 2589 missionarii
1922 2556 2039 2591 suas

138 2628 302 2681 etiam
325 2629 502 2695 partes
525 2623 816 2687 conferant,
850 2627 908 2675 et
943 2627 1147 2675 statum
1179 2623 1479 2674 animarum
1511 2623 1612 2674 sibi
1644 2624 2039 2676 commissarum

138 2716 379 2766 accurate
419 2711 803 2779 praescriptum
844 2707 1110 2778 Episcopo
1150 2708 1452 2760 exhibeant.
1535 2708 1857 2761 conficiatur
1899 2728 2039 2780 ergo,

139 2800 198 2851 in
244 2799 507 2867 quantum
553 2794 670 2847 fieri
717 2798 913 2863 potest,
960 2810 994 2845 a
1042 2794 1267 2864 singulis
1324 2794 1685 2846 ecclesiarium
1732 2796 2038 2860 rectoribUS,

140 2882 517 2952 adjuvantibus
554 2880 899 2932 missionariis
934 2880 1030 2948 qui
1067 2880 1142 2931 eis
1178 2880 1262 2949 adj
1269 2880 1421 2931 uncti
1459 2883 1600 2943 sunt,
1637 2880 1821 2948 populi
1857 2899 2039 2934 census

141 2972 433 3032 accuratuS,
456 2967 515 3017 in
540 2983 645 3034 quo
669 2965 1023 3017 inscribantur
1054 2983 1305 3017 numerus
1342 2970 1399 3017 et
1433 2965 1757 3016 familiarum
1781 2971 1837 3017 et
1860 2969 2041 3036 singu-

141 3054 311 3107 lorum
335 3052 641 3105 eorumdem
664 3052 1036 3115 membrorum,
1054 3056 1173 3103 tum
1198 3051 1555 3119 parvulorum,
1575 3055 1694 3102 tum
1718 3052 2038 3117 adultorum,

141 3136 374 3202 nomina,
418 3137 617 3189 additis
656 3137 822 3189 etiam
864 3138 1109 3189 omnibus
1159 3137 1425 3205 adjunctis
1467 3153 1603 3203 quae
1646 3137 1713 3187 ad
1755 3137 1931 3202 fidem,
1971 3140 2038 3190 ad

143 3242 328 3288 moreS,
352 3224 420 3275 ad
462 3224 739 3291 pietatem,
762 3226 819 3274 et
839 3224 1146 3291 praesertim
1185 3223 1252 3274 ad
1295 3222 1628 3291 parvulorum
1671 3223 2039 3276 educationem

144 3312 400 3377 spectant.
522 3307 596 3358 Et
644 3307 896 3375 quoniam
943 3308 1263 3371 labentibuS,
1311 3324 1418 3358 non
1467 3308 1619 3358 annis
1668 3311 1899 3370 tantum,
1949 3310 2038 3360 sed

144 3394 425 3463 aliquando
449 3393 732 3456 mensibuS,
755 3392 815 3443 in
840 3393 1026 3461 populi
1049 3394 1215 3445 nostri
1241 3393 1599 3444 conditionem
1623 3393 2039 3459 permutationes

143 3479 400 3548 plurimae
436 3478 604 3530 solent
635 3478 884 3542 incidere,
909 3479 1212 3546 hujusmodi
1246 3495 1430 3529 census
1458 3482 1515 3529 et
1546 3477 1843 3528 animarum
1868 3483 2038 3531 status

145 3564 425 3634 diligenter
447 3563 763 3631 inspiciatur
787 3569 843 3613 et
867 3564 1171 3631 corrigatur.

922 3708 1061 3751 ²Luc.
1082 3710 1172 3752 xix.
1197 3713 1260 3751 10.
