2514 4504
780 460 857 502 DE
900 460 1107 503 TITULO
1152 461 1582 505 oRD1NA'r10N1s.
2000 449 2121 512 383

366 609 525 662 VIII.
578 609 700 661 Non
726 625 872 660 secus
897 624 958 658 ac
996 607 1215 658 Alumni
1256 607 1610 676 Collegiorum
1650 612 2060 679 pontificiorum,
2086 616 2125 666 ii

223 712 403 748 omnes
453 696 548 763 qui
598 694 761 745 titulo
823 693 1094 744 Missionis
1156 694 1293 744 inter
1354 711 1519 744 sacros
1581 696 1848 747 ministros
1897 702 2127 766 cooptari

223 781 467 849 cupiunt,
506 785 754 831 tenentur
792 780 937 847 prius
972 778 1341 845 juramentum
1386 781 1645 842 emittere,
1688 798 1793 848 quo
1843 785 2130 849 spondeant

224 866 463 918 missioni
488 866 577 917 cui
603 866 857 917 destinati
883 870 1007 916 sunt
1042 865 1124 915 vel
1162 865 1585 928 destinabuntur,
1613 883 1665 916 se
1691 868 1795 916 fore
1822 877 2128 935 perpetuam

225 969 436 1020 operam
462 952 706 1011 daturos3
752 951 894 1018 quod
919 950 1137 1018 quidem
1163 950 1230 1000 ab
1266 952 1333 1002 iis
1370 952 1462 1017 qui
1489 951 1585 1001 hoc
1614 952 1774 1002 titulo
1802 954 1901 1003 frui
1929 954 2131 1018 volunt,

226 1036 280 1088 S.
307 1036 466 1088 Sedes
491 1040 556 1087 ut
581 1035 918 1098 Missionum,
952 1052 1177 1103 quarum
1216 1036 1516 1103 sumptibus
1553 1036 1635 1086 illi
1662 1037 1893 1100 aluntur,
1920 1041 2131 1090 servitio

225 1119 537 1182 consuleret,
573 1119 794 1186 ⁴exigere
845 1123 1147 1169 constanter
1196 1119 1487 1170 consuevit.
1589 1120 1732 1170 Huic
1785 1122 2131 1172 Instructioni

226 1204 558 1255 subnectitur
583 1203 777 1254 Forma
802 1204 957 1255 istius
974 1204 1270 1272 juramenti
1281 1205 1606 1273 jampridem
1625 1207 1910 1273 approbata
1932 1225 2133 1274 usuque

224 1293 453 1357 recepta,
490 1306 711 1357 eamque
748 1289 816 1340 ab
855 1290 1102 1341 omnibus
1139 1292 1499 1358 usurpandam
1539 1308 1663 1354 esse,
1703 1298 1763 1341 ut
1800 1294 2133 1342 uniformitas

226 1374 324 1425 hac
349 1391 503 1442 super
527 1391 581 1425 re
607 1378 859 1437 servetur,
886 1376 1103 1427 omnino
1128 1377 1368 1443 praecipt
1394 1375 1447 1427 S.
1477 1376 1841 1446 Congregatio.

371 1481 471 1532 IX.
522 1480 745 1533 Necesse
770 1497 877 1532 non
903 1485 1001 1545 est,
1026 1485 1087 1533 ut
1113 1482 1206 1550 qui
1238 1483 1305 1533 ad
1345 1482 1437 1534 SS.
1466 1482 1684 1535 Ordines
1710 1483 1806 1535 hoc
1834 1484 1995 1534 titulo
2019 1501 2136 1534 eve-

229 1566 431 1618 hendus
479 1571 578 1630 est,
627 1566 908 1617 actualiter
958 1567 1015 1617 in
1064 1568 1314 1619 missione
1376 1572 1627 1631 versetur,
1677 1570 1764 1619 sed
1816 1569 2025 1631 sufficit,
2075 1576 2136 1619 ut

227 1655 441 1720 paratus
479 1653 550 1703 sit
593 1652 662 1704 ad
701 1653 977 1704 missiones
1015 1653 1300 1717 obeundaS,
1337 1655 1545 1722 quando
1584 1659 1637 1705 et
1674 1656 1935 1722 quomodo
1974 1655 2138 1722 Supe-

227 1738 385 1790 riores
409 1755 533 1789 eum
557 1738 889 1790 mittendum
914 1739 1213 1791 censuerint
1237 1756 1298 1790 ac
1323 1740 1399 1791 ire
1427 1740 1672 1808 jubeant.

371 1843 443 1895 X.
494 1834 605 1908 Eis,
630 1845 725 1912 qui
751 1844 850 1896 hoc
876 1845 1041 1896 titulo
1068 1850 1192 1896 sunt
1218 1845 1467 1909 ordinati,
1493 1846 1547 1896 vi
1584 1848 1825 1914 praestiti
1843 1847 2137 1915 juramenti

227 1929 564 1981 interdicitur
588 1930 648 1981 in
673 1930 1010 2000 Religionem
1047 1931 1254 2001 ingredi
1288 1931 1483 1999 absque
1522 1933 1674 1983 venia
1713 1931 1766 1983 S.
1795 1932 1976 1992 Sedis;
2026 1932 2138 1999 ejus

227 2031 460 2082 namque
487 2016 699 2083 judicio
724 2021 1046 2068 reservatum
1083 2021 1182 2080 est,
1207 2018 1419 2085 praevia
1447 2016 1727 2081 Ordinarii,
1754 2018 1841 2068 cui
1879 2018 2138 2080 intererit,

228 2100 479 2152 relatione
511 2102 770 2170 judicare,
810 2107 992 2154 utrum
1032 2103 1363 2166 missionum,
1404 2120 1627 2171 quarum
1673 2104 1886 2155 servitio
1930 2104 1971 2154 ii
2015 2109 2137 2153 sunt

228 2185 449 2246 addicti,
475 2188 757 2239 necessitas
782 2188 840 2239 id
864 2190 1117 2257 patiatur.
1170 2187 1385 2240 Scilicet
1410 2189 1686 2257 publicum
1712 2190 1908 2240 bonum
1934 2191 2138 2257 privato

229 2271 514 2323 antecellat
551 2277 776 2341 oportet,
803 2291 864 2325 ea
888 2274 1145 2326 nimirum
1178 2274 1400 2339 ratione,
1426 2291 1530 2342 qua
1567 2275 1829 2342 aliquibus
1857 2274 2138 2325 Ordinibus

230 2374 531 2408 concessum
575 2362 673 2423 est,
711 2376 780 2411 ne
819 2377 1001 2412 eorum
1040 2361 1299 2430 religiosis
1343 2361 1411 2413 ad
1454 2362 1732 2412 arctiorem
1777 2362 1888 2412 sine
1929 2377 2137 2411 suorum

231 2440 571 2511 Superiorum
595 2444 816 2496 licentia
840 2446 1062 2497 transire
1087 2447 1167 2498 fas
1192 2448 1279 2499 sit.

372 2554 475 2607 XI.
538 2555 998 2617 Quemadmodum
1060 2559 1156 2610 alii
1203 2560 1373 2623 tituli,
1422 2560 1502 2610 ita
1551 2561 1716 2611 etiam
1766 2560 1870 2621 hic,
1920 2561 1985 2610 de
2034 2577 2137 2626 quo

230 2640 426 2708 agitur,
448 2640 608 2708 juxta
645 2642 923 2694 canonicas
961 2645 1257 2695 sanctiones
1282 2645 1467 2695 amitti
1493 2651 1685 2712 potest,
1711 2651 1869 2711 atque
1895 2645 1961 2694 ab
1988 2644 2139 2693 Ordi-

230 2727 392 2777 nariis
434 2727 644 2791 auferri,
682 2728 748 2779 de
791 2746 1046 2781 consensu
1078 2735 1259 2782 tamen
1299 2730 1352 2781 S.
1391 2731 1839 2799 Congregationis,
1874 2730 2022 2796 cujus
2060 2736 2137 2779 est

231 2812 306 2862 sic
349 2812 615 2864 ordinatos
663 2816 906 2882 praestiti
946 2815 1242 2883 juramenti
1285 2817 1496 2867 vinculo
1543 2817 1817 2867 exsolvere.
1895 2816 2043 2875 Quod
2095 2816 2135 2864 si

230 2898 420 2949 amisso
445 2898 609 2949 titulo
633 2900 949 2967 generatim,
975 2906 1071 2952 aut
1094 2902 1259 2952 etiam
1285 2902 1448 2952 titulo
1473 2902 1760 2962 MissioniS,
1785 2901 1917 2950 alter
1950 2902 1996 2950 ei
2034 2917 2136 2949 non

231 2982 603 3047 substituatur,
630 2983 877 3036 Sacerdos
915 2986 1055 3037 haud
1096 2992 1369 3055 propterea
1408 2993 1641 3038 remanet
1689 3004 1998 3054 suspensus3
2050 2986 2136 3034 sed

233 3067 497 3130 Ordinarii
522 3067 771 3122 tenentur
808 3072 1118 3140 compellere
1156 3074 1422 3123 ordinatos
1462 3074 1528 3123 ad
1569 3073 1782 3122 alterius
1824 3072 1973 3121 tituli
2020 3072 2137 3119 sub-

230 3157 576 3225 rogationem,
615 3162 774 3225 prout
817 3159 972 3209 sacris
1016 3159 1301 3210 canonibus
1345 3158 1645 3208 consultum
1697 3164 1792 3208 est.
1870 3158 1930 3206 Id
1984 3159 2134 3205 Sacra

230 3240 358 3291 haec
404 3239 753 3310 Congregatio
801 3243 861 3295 in
904 3245 1233 3313 generalibus
1280 3243 1526 3296 Comitiis
1570 3245 1677 3294 diei
1727 3247 1771 3294 1.
1818 3242 2135 3309 Septembris

237 3327 373 3378 1856
412 3327 714 3379 declaravit.

373 3443 504 3493 XII.
556 3442 762 3494 Pariter
788 3443 1091 3495 Sacerdotes
1120 3444 1396 3513 regulares,
1422 3444 1513 3511 qui
1548 3448 1669 3493 vota
1709 3442 1957 3492 solemnia
2000 3458 2134 3491 nun-

232 3534 509 3596 cuparunt,
553 3533 715 3596 atque
764 3546 828 3580 ex
871 3530 1173 3597 Apostolica
1223 3530 1560 3596 indulgentia
1611 3529 1666 3578 in
1718 3527 1920 3577 saeculo
1966 3527 2134 3577 vivere

234 3616 636 3682 permittuntur,
661 3614 746 3665 vel
777 3615 869 3682 qui
911 3616 1185 3666 ediderunt
1226 3623 1348 3666 vota
1390 3615 1652 3682 simplicia
1693 3619 1746 3664 et·
1786 3630 1814 3662 e
1856 3613 1959 3662 suis
2001 3613 2134 3663 Con-

233 3700 625 3770 gregationibus
653 3718 742 3750 scu
770 3700 1046 3754 Institutis
1073 3702 1263 3770 egressi
1291 3704 1431 3762 sunt,
1457 3717 1522 3750 ne
1557 3716 1677 3749 cum
1712 3698 1906 3767 proprii
1945 3699 2132 3767 gmdus
