2514 4504
984 531 1229 574 APPEND.
1274 533 1313 574 1.
1974 519 2096 581 109

190 682 491 741 sanctitatis
536 682 898 751 splendoribus
939 698 1145 750 semper
1184 684 1370 733 ornata
1405 680 1652 750 fulgeret,
1677 699 1738 733 ac
1765 683 1849 734 vel
1886 684 1953 735 ab
1988 686 2104 753 ipsa

186 768 457 837 originalis
501 768 688 836 culpae
731 768 849 819 labe
892 767 1048 835 plane
1088 765 1346 816 immunis
1371 765 1762 833 amplissimum
1789 768 1854 819 de
1879 771 2102 838 antiquo

187 854 423 919 serpente
461 852 798 920 triumphum
834 852 1049 903 referret
1086 854 1201 902 tam
1237 850 1567 902 Venerabilis
1603 851 1797 916 Mater,
1835 855 1923 904 cui
1960 855 2101 909 Deus

185 937 344 988 Pater
367 937 591 989 unicum
617 937 824 989 Filium
863 954 1039 1000 suum,
1064 952 1227 1004 quem
1265 937 1333 988 de
1370 937 1522 987 corde
1560 954 1654 988 suo
1684 939 1961 1005 aequalem
1999 942 2102 995 sibi

182 1023 430 1091 genitum
456 1028 714 1091 tanquam
734 1024 968 1090 seipsum
993 1021 1193 1090 diligit,
1219 1021 1300 1072 ita
1325 1022 1447 1073 dare
1473 1022 1752 1090 disposuit,
1779 1029 1840 1075 ut
1864 1027 2100 1078 natural-

183 1110 285 1160 iter
308 1114 444 1162 esset
467 1127 605 1162 unus
630 1110 877 1178 idemque
902 1109 1201 1161 communis
1220 1108 1320 1160 Dei
1345 1108 1540 1172 Patris,
1564 1115 1621 1161 et
1645 1109 1882 1180 Virginis
1907 1111 2097 1179 Filius,

185 1198 241 1246 et
263 1212 426 1263 quam
450 1197 564 1263 ipse
590 1195 764 1246 Filius
792 1194 1211 1246 substantialiter
1235 1194 1406 1246 facere
1431 1195 1533 1247 sibi
1564 1195 1796 1247 Matrem
1822 1197 2003 1267 elegit,
2039 1204 2097 1251 et

182 1280 249 1331 de
272 1297 378 1348 qua
416 1279 649 1348 Spiritus
687 1280 913 1332 Sanctus
949 1279 1142 1343 voluit,
1165 1283 1223 1331 et
1246 1284 1493 1347 operatus
1523 1284 1622 1344 est,
1645 1285 1711 1332 ut
1735 1283 2098 1352 conciperetur

182 1370 236 1416 et
261 1370 559 1417 nasceretur
583 1366 693 1429 ille,
718 1367 782 1417 de
807 1382 913 1433 quo
937 1365 1050 1433 ipse
1083 1364 1339 1432 procedit.

326 1450 499 1512 Quam
554 1450 868 1520 originalem
927 1453 1188 1519 augustae
1247 1448 1486 1520 Virginis
1548 1451 1911 1504 innocentiam
1969 1468 2095 1507 cum

180 1536 483 1587 admirabili
507 1537 553 1605 ej
563 1537 745 1588 usdem
772 1535 1078 1598 sanctitate,
1097 1534 1464 1603 praecelsaque
1482 1534 1584 1587 Dei
1608 1535 1801 1588 Matris
1825 1537 2094 1607 dignitate

181 1622 396 1672 omnino
434 1622 800 1674 cohaerentem
843 1620 1106 1673 catholica
1149 1618 1403 1684 Ecclesia,
1440 1637 1578 1688 quae
1601 1637 1635 1672 a
1671 1625 1853 1674 sancto
1891 1639 2096 1691 semper

178 1707 364 1758 edocta
390 1706 597 1775 Spiritu
633 1708 883 1759 columna
906 1710 990 1758 est
1024 1722 1086 1757 ac
1110 1704 1513 1758 firmamentum
1550 1706 1810 1771 veritatiS,
1834 1711 2093 1775 tanquam

179 1793 476 1843 doctrinam
506 1793 776 1861 possidens
802 1792 1065 1843 divinitus
1090 1794 1385 1859 acceptam,
1407 1795 1464 1842 et
1487 1791 1724 1844 coelestis
1760 1792 2093 1846 revelationis

179 1878 418 1946 deposito
443 1878 873 1946 comprehensam
897 1876 1192 1945 multiplici
1222 1876 1556 1928 continenter
1579 1877 1799 1941 ratione,
1825 1877 2094 1946 splendid-

178 1964 329 2031 isque
372 1964 528 2015 factis
569 1963 741 2033 magis
783 1964 842 2014 in
882 1963 993 2015 dies
1030 1962 1310 2030 explicare,
1342 1979 1650 2032 proponere,
1674 1980 1735 2014 ac
1760 1963 1931 2015 fovere
1955 1980 2093 2015 nun-

178 2066 340 2116 quam
365 2048 595 2100 destitit.
658 2047 814 2099 Hanc
837 2048 983 2100 enim
1008 2047 1308 2099 doctrinam
1332 2047 1401 2099 ab
1425 2047 1813 2115 antiquissimis
1837 2049 2093 2118 tempori-

179 2134 277 2185 bus
302 2134 592 2202 vigentem,
618 2150 680 2184 ac
704 2132 947 2183 fidelium
982 2132 1177 2184 animis
1219 2133 1437 2201 penitus
1473 2133 1712 2196 insitam,
1736 2137 1792 2184 et
1828 2149 2091 2185 sacrorum

178 2218 504 2268 Antistitum
561 2217 699 2269 curis
760 2217 1057 2285 studiisque
1106 2234 1200 2284 per
1261 2216 1586 2269 catholicum
1638 2217 1817 2270 orbem
1866 2218 2091 2271 mirifice

179 2306 527 2371 propagatam
551 2302 668 2369 ipsa
706 2301 944 2353 Ecclesia
980 2301 1404 2353 luculentissime
1434 2302 1778 2370 significavit,
1802 2320 1928 2354 cum
1954 2304 2092 2372 ejus-

180 2388 302 2439 dem
327 2387 565 2456 Virginis
592 2385 1006 2454 conceptionem
1046 2380 1260 2454 publico
1301 2386 1548 2438 fidelium
1585 2387 1757 2439 cultui
1790 2404 1853 2439 ac
1877 2404 2091 2441 venera-

180 2474 317 2525 tioni
342 2489 628 2541 proponere
651 2488 759 2523 non
786 2472 1075 2524 dubitavit.
1151 2471 1265 2533 Quo
1290 2472 1492 2524 illustri
1510 2473 1731 2540 quidem
1757 2473 1900 2525 facto
1925 2474 2091 2542 ipsius

181 2560 415 2629 Virginis
460 2557 874 2627 Conceptionem
914 2559 1086 2611 veluti
1126 2558 1468 2627 singularem,
1492 2560 1703 2623 miram,
1729 2564 1787 2611 et
1808 2577 1841 2611 a
1864 2560 2093 2628 reliquo-

182 2663 301 2697 rum
359 2644 641 2696 hominum
700 2645 1004 2712 primordiis
1057 2644 1364 2716 longissime
1425 2648 1696 2709 secretam,
1758 2649 1814 2696 et
1873 2647 2091 2699 omnino

183 2733 421 2781 sanctam
461 2728 737 2781 colendam
780 2729 1042 2793 exhibuit,
1081 2746 1206 2782 cum
1245 2730 1486 2781 Ecclesia
1526 2730 1738 2781 nonnisi
1777 2729 1842 2781 de
1880 2729 2091 2782 Sanctis

183 2818 294 2870 dies
343 2818 502 2869 festos
550 2818 891 2870 concelebret.
989 2818 1168 2886 Atque
1216 2818 1412 2870 idcirco
1460 2819 1547 2871 vel
1595 2819 1862 2887 ipsissima
1915 2821 2091 2884 verba,

182 2904 378 2971 quibus
438 2903 652 2955 divinae
700 2902 1004 2971 Scripturae
1051 2904 1119 2956 de
1167 2904 1403 2956 increata
1452 2903 1728 2973 Sapientia
1781 2905 2091 2973 loquuntur,

185 2989 403 3057 ejusque
442 2990 787 3057 sempiternas
829 2989 1058 3059 origines
1096 2993 1510 3057 repraesentant,
1559 2990 1835 3042 consuevit
1876 2994 1996 3043 tum
2031 2992 2091 3042 in

184 3078 552 3129 ecclesiasticis
588 3077 791 3141 officiiS,
815 3082 937 3129 tum
960 3078 1021 3129 in
1045 3083 1372 3132 sacrosancta
1397 3079 1619 3150 liturgia
1650 3080 1917 3144 adhibere,
1942 3084 2000 3132 et
2022 3081 2092 3132 ad

185 3163 330 3214 illius
354 3164 592 3233 Virginis
616 3164 905 3232 primordia
929 3164 1223 3228 transferre,
1247 3182 1383 3233 quae
1417 3182 1525 3217 uno
1561 3165 1853 3234 eodemque
1882 3166 2092 3219 decreto

186 3266 309 3301 cum
333 3250 546 3301 divinae
573 3249 879 3317 Sapientiae
904 3251 1264 3303 incarnatione
1288 3252 1498 3303 fuerant
1521 3254 1858 3321 praestituta.

330 3334 583 3396 Quamvis
625 3339 808 3387 autem
857 3335 985 3388 haec
1028 3338 1208 3388 omnia
1255 3354 1412 3406 penes
1461 3337 1641 3390 fideles
1689 3338 1889 3406 ubique
1930 3354 2092 3405 prope

185 3423 395 3489 recepta
442 3421 741 3485 ostendant,
783 3438 889 3488 quo
931 3422 1109 3473 studio
1144 3422 1405 3491 ejusmodi
1454 3424 1521 3476 de
1570 3423 1925 3474 Immaculata
1974 3423 2093 3473 Vir-

186 3506 326 3574 ginis
376 3503 734 3572 Conceptione
789 3506 1086 3557 doctrinam
1140 3507 1255 3574 ipsa
1303 3525 1511 3575 quoque
1568 3507 1808 3559 Romana
1856 3506 2092 3557 Ecclesia

186 3590 428 3640 omnium
465 3589 821 3641 Ecclesiarum
845 3595 1016 3643 mater
1041 3595 1097 3642 et
1120 3593 1375 3661 magistra
1399 3593 1560 3643 fuerit
1592 3595 1885 3659 prosecuta,
1910 3594 2092 3641 tamen

186 3674 415 3725 illustria
450 3674 608 3743 hujus
644 3674 914 3727 Ecclesiae
950 3675 1092 3727 facta
1128 3676 1292 3745 digna
1340 3677 1496 3744 plane
1546 3680 1688 3739 sunt,
1737 3692 1874 3742 quae
1921 3675 2093 3724 nomi-

189 3760 357 3810 natim
393 3763 777 3823 recenseantur,
815 3777 939 3811 cum
964 3764 1119 3811 tanta
1146 3762 1217 3811 sit
1255 3761 1491 3828 ejusdem
1530 3760 1797 3811 Ecclesiae
1834 3760 2089 3829 dignitas,

187 3848 348 3911 atque
384 3845 689 3907 auctoritaS,
726 3849 928 3912 quanta
965 3845 1048 3895 illi
1086 3846 1303 3896 omnino
1340 3846 1578 3907 debetur,
1628 3861 1762 3912 quae
1813 3850 1893 3895 est
1942 3845 2088 3895 cath-
