2514 4504
559 504 803 545 APPEND.
850 507 886 546 1.
977 505 1176 548 ENCYc.
1226 492 1486 557 ‘QUANTA
1532 492 1711 550 erm)
1963 498 2084 552 259

190 666 342 717 saepe
375 651 689 717 proscribere
715 658 770 702 et
796 652 1085 719 reprobare,
1114 659 1294 703 tamen
1314 651 1618 703 Catholicae
1639 654 1904 705 Ecclesiae
1923 673 2091 718 causa,

190 737 594 802 animarumque
646 736 784 787 salus
841 736 1008 787 Nobis
1066 737 1326 787 divinitus
1377 739 1671 801 commissa,
1722 747 1882 807 atque
1933 741 2097 808 ipsius·

190 820 452 870 humanae
479 820 747 871 societatis
774 820 969 871 bonum
1004 822 1218 872 omnino
1253 822 1545 888 postulant,
1571 830 1634 873 ut
1671 825 1867 876 iterum
1902 833 2102 893 pastor-

189 906 328 956 alem
368 911 594 956 vestram
635 907 1050 958 sollicitudinem
1094 907 1383 958 excitemus
1423 909 1490 958 ad
1531 909 1659 959 alias
1702 928 1885 977 pravas
1925 914 2102 980 profli-

188 991 387 1060 gandas
430 992 719 1059 opinioneS‚
745 1010 880 1060 quae
919 1010 983 1043 ex
1027 994 1226 1044 eisdem
1269 994 1523 1044 erroribus
1562 995 1729 1045 veluti
1769 1014 1832 1047 ex
1867 997 2101 1050 fontibus

191 1082 493 1143 erumpunt.
570 1077 715 1138 Quae
749 1078 909 1128 falsae
947 1095 1007 1128 ac
1046 1095 1312 1145 perversae
1350 1079 1625 1146 opiniones
1652 1098 1712 1131 eo
1739 1083 1907 1149 magis
1933 1085 2104 1135 detes-

189 1162 383 1212 tandae
426 1167 568 1226 sunt,
612 1163 752 1230 quod
790 1180 851 1213 eo
894 1163 1233 1230 potissimum
1275 1168 1535 1230 spectant,
1579 1170 1642 1215 ut
1684 1167 2007 1233 impediatur
2047 1175 2103 1220 et

189 1251 495 1298 amoveatur
533 1248 775 1299 salutaris
810 1248 906 1297 illa
944 1249 1041 1310 viS‚
1067 1265 1227 1315 quam
1266 1249 1528 1299 catholica
1567 1250 1804 1301 Ecclesia
1829 1270 1892 1302 ex
1918 1253 2102 1307 Divini

191 1334 272 1383 sui
297 1333 541 1383 Auctoris
567 1334 910 1384 institutione
942 1338 999 1384 et
1032 1335 1286 1384 mandato
1311 1334 1470 1385 libere
1495 1352 1731 1387 exercere
1756 1338 1911 1389 debet
1938 1357 2103 1407 usque

190 1418 257 1469 ad
295 1420 807 1469 consummationem
842 1419 1056 1483 saeculi,
1083 1436 1189 1470 non
1222 1420 1400 1470 minus
1435 1437 1557 1488 erga
1597 1422 1830 1490 singulos
1867 1424 2103 1476 homines

188 1520 347 1571 quam
371 1520 493 1573 erga
517 1504 775 1568 nationeS‚
801 1505 1024 1573 populos
1050 1522 1389 1573 summosque
1415 1523 1594 1557 eorum
1620 1507 1911 1575 PrincipeS,
1938 1515 2102 1579 utque

190 1589 255 1639 de
293 1589 470 1639 medio
517 1589 737 1641 tollatur
776 1595 966 1641 mutua
1005 1590 1100 1641 illa
1131 1591 1272 1642 inter
1316 1591 1682 1643 Sacerdotium
1715 1602 1769 1644 et
1809 1595 2101 1662 Imperium

189 1674 525 1725 consiliorum
552 1675 771 1726 societas
797 1680 853 1726 et
878 1676 1172 1738 concordia,
1198 1692 1332 1743 quae
1353 1679 1444 1728 -rei
1464 1694 1588 1729 cum
1609 1695 1781 1731 sacrae
1806 1686 1926 1731 tum
1953 1682 2099 1732 civili

188 1760 364 1811 fausta
414 1778 616 1828 semper
664 1761 850 1811 extitit
900 1778 961 1811 ac
1011 1761 1294 1812 salutariS.¹
1391 1762 1610 1814 Etenim
1661 1765 1820 1831 probe
1868 1767 2102 1828 noscitis,

189 1846 525 1897 Venerabiles
559 1846 788 1909 FratreS,
813 1846 911 1897 hoc
931 1850 1167 1914 tempore
1201 1863 1307 1897 non
1340 1865 1535 1915 paucos
1569 1850 1800 1916 reperiri,
1825 1852 1918 1917 qui
1956 1852 2103 1903 civili

188 1932 448 1982 consortio
491 1932 722 1999 impium
754 1930 1143 1999 absurdumque
1180 1930 1571 1997 moturalismi,
1606 1939 1669 1984 ut
1709 1940 1919 1999 vocant,
1958 1937 2104 2004 prin-

188 2017 389 2083 cipium
417 2016 745 2084 applicantes
771 2016 969 2067 audent
995 2017 1194 2080 docere,
1235 2018 1541 2084 “optimam
1568 2019 1835 2071 societatis
1861 2022 2104 2088 publicae

186 2104 446 2153 rationem
471 2102 806 2172 tcivilemque
849 2119 1179 2171 progressum
1218 2104 1435 2154 omnino
1478 2105 1755 2172 requirere,
1781 2111 1845 2157 ut
1870 2106 2103 2158 humana

188 2188 407 2239 societas
434 2188 791 2240 constituatur
825 2194 881 2240 et
916 2189 1256 2257 gubernetur,
1281 2190 1430 2241 nullo
1468 2191 1651 2241 habito
1686 2193 1753 2242 ad
1790 2192 2102 2261 religionem

186 2277 446 2341 respectu,
472 2290 533 2324 ac
577 2273 622 2323 si
663 2290 724 2324 ea
767 2291 873 2325 non
917 2274 1181 2337 existeret,
1206 2274 1291 2325 vel
1335 2274 1523 2326 saltem
1568 2276 1716 2327 nullo
1750 2277 1891 2327 facto
1925 2295 2102 2330 veram

190 2359 330 2410 inter
365 2358 627 2427 falsasque
662 2358 943 2428 religiones
980 2359 1333 2411 discrimine.”
1407 2361 1584 2428 Atque
1623 2366 1804 2412 contra
1843 2379 2102 2415 sacrarum

187 2444 532 2507 Litterarum,
559 2443 844 2508 Ecclesiae,
865 2448 1271 2512 sanctorumque
1297 2444 1522 2496 Patrum
1548 2446 1863 2510 doctrinam,
1883 2464 2103 2501 asserere

185 2546 292 2581 non
334 2529 604 2593 dubitant,
644 2531 949 2597 “optimam
1001 2547 1110 2581 esse
1161 2531 1523 2582 conditionem
1568 2532 1852 2596 societatiS,
1895 2534 1953 2584 in
1996 2551 2102 2601 qua

186 2615 417 2683 Imperio
442 2631 548 2666 non
573 2616 876 2684 agnoscitur
900 2614 1135 2666 officium
1168 2616 1442 2667 coercendi
1478 2617 1693 2667 sancitis
1731 2620 1912 2685 poenis
1938 2620 2103 2669 viola—

186 2705 323 2754 tores
344 2699 644 2753 Catholicae
681 2700 967 2769 religioniS,
993 2701 1099 2751 nisi
1134 2706 1397 2768 quatenus
1431 2719 1535 2769 pax
1570 2702 1786 2769 publica
1819 2703 2101 2771 postulet.''

187 2787 269 2838 Ex
287 2803 392 2855 qua
411 2787 627 2838 omnino
647 2786 777 2837 falsa
798 2785 1003 2837 socialis
1022 2786 1297 2854 regiminis
1315 2787 1436 2837 idea
1455 2787 1597 2837 haud
1617 2788 1816 2838 timent
1835 2805 2101 2841 erroneam

184 2872 336 2923 illam
361 2871 532 2923 fovere
558 2872 881 2939 opinionem,
907 2870 1197 2922 catholicae
1224 2871 1490 2923 Ecclesiae
1515 2872 1916 2941 animarumque
1938 2875 2099 2926 saluti

186 2959 418 3009 maxime
460 2957 749 3019 exitialem,
792 2973 825 3006 a
866 2973 972 3006 rev.
1018 2973 1177 3007 mem.
1221 2955 1474 3025 Gregorio
1513 2957 1664 3008 XVI.
1707 2957 2100 3011 Praedecessore

185 3043 377 3095 Nostro
402 3040 837 3094 deliramentum
872 3041 1248 3109 appellatam?
1291 3043 1549 3093 nimirum
1590 3043 1939 3095 “libertatem
1979 3063 2101 3096 con-

187 3129 439 3180 scientiae
479 3133 535 3179 et
578 3112 838 3178 cultuum'
868 3144 977 3177 esse
1014 3128 1287 3195 proprium
1322 3127 1702 3195 cujuscumque
1740 3128 1970 3180 hominis
1988 3131 2097 3197 jUS,

185 3215 326 3283 quod
368 3214 482 3282 lege
521 3213 830 3281 proclamari
868 3216 924 3262 et
960 3213 1116 3262 asseri
1153 3213 1309 3263 debet
1347 3213 1404 3262 in
1445 3215 1590 3263 omni
1627 3218 1769 3264 recte
1807 3215 2099 3265 constituta

187 3302 452 3363 societate,
478 3303 533 3350 et
550 3299 640 3367 jus
666 3299 871 3349 civibus
905 3299 1074 3348 inesse
1110 3299 1178 3349 ad
1213 3298 1576 3349 omnimodam
1608 3299 1913 3349 libertatem
1947 3300 2097 3350 nulla

188 3386 272 3438 vel
315 3385 683 3447 ecclesiastica,
722 3384 807 3435 vel
847 3384 994 3435 civili
1038 3383 1358 3435 auctoritate
1401 3385 1789 3447 coarctandam,
1833 3402 1936 3451 quo
1981 3402 2098 3435 suos

190 3475 471 3539 conceptus
511 3487 868 3539 quoscumque
912 3470 1021 3519 sive
1063 3486 1207 3532 voce,
1238 3470 1347 3520 sive
1389 3471 1550 3537 typis,
1598 3471 1705 3521 sive
1750 3470 1854 3519 alia
1897 3470 2098 3520 ratione

187 3557 366 3626 palam
391 3556 708 3625 publiceque
734 3556 1073 3606 manifestare
1099 3572 1159 3605 ac
1186 3555 1443 3605 declarare
1470 3554 1727 3606 valeant.’'

516 3686 533 3709 ²
550 3687 726 3739 Gregor.
747 3687 870 3727 XVI.
894 3686 1029 3737 Epist.
1050 3686 1228 3738 Encycl.
1252 3687 1422 3736 Mirari,
1449 3687 1496 3725 15
1517 3686 1630 3736 Aug.
1657 3686 1773 3723 1832.

852 3752 869 3774 ²
886 3752 1045 3794 Eadem
1064 3752 1240 3805 Encycl.
1266 3753 1434 3791 Mirari.
